@article{ID0028995030,
	doi = {10.1111/j.1474-919x.1995.tb03267.x},
	url = {https://doi.org/10.1111%2Fj.1474-919x.1995.tb03267.x},
	year = 2008,
	month = {apr},
	publisher = {Wiley-Blackwell},
	volume = {137},
	number = {4},
	pages = {559-569},
	author = {R. B. LANCTOT and R. E. GILL and T. L. TIBBITTS and C. M. HANDEL},
	title = {Brood amalgamation in the Bristle‚Äêthighed Curlew Numenius tahitiensis: process and function},
	journal = {Ibis}
}