@article{ID0028983948,
	doi = {10.1111/j.1600-0587.1995.tb00127.x},
	url = {https://doi.org/10.1111%2Fj.1600-0587.1995.tb00127.x},
	year = 1995,
	month = {sep},
	publisher = {Wiley-Blackwell},
	volume = {18},
	number = {3},
	pages = {238-247},
	author = {Elisabeth M. Santos and Harry F. Andreassen and Rolf A. Ims},
	title = {Differential inbreeding tolerance in two geographically distinct strains of root voles Microtus oeconomus},
	journal = {Ecography}
}