@article{ID0000278238,
	doi = {10.1016/s0003-3472(87)80258-0},
	url = {https://doi.org/10.1016%2Fs0003-3472%2887%2980258-0},
	year = 1987,
	month = {apr},
	publisher = {Elsevier {BV}},
	volume = {35},
	number = {2},
	pages = {348-360},
	author = {Gilles Gauthier},
	title = {The adaptive significance of territorial behaviour in breeding buffleheads: a test of three hypotheses},
	journal = {Animal Behaviour}
}