@article{ID0027333031,
	doi = {10.1071/zo9930317},
	url = {https://doi.org/10.1071%2Fzo9930317},
	year = 1993,
	publisher = {{CSIRO} Publishing},
	volume = {41},
	number = {4},
	pages = {317},
	author = {CJ Krebs and GR Singleton},
	title = {Indices of condition for small mammals},
	journal = {Australian Journal of Zoology}
}