@article{ID0034994442,
	doi = {10.1046/j.1461-0248.2001.00214.x},
	url = {https://doi.org/10.1046%2Fj.1461-0248.2001.00214.x},
	year = 2001,
	month = {may},
	publisher = {Wiley-Blackwell},
	volume = {4},
	number = {3},
	pages = {180-184},
	author = {David Gremillet and Sarah Wanless and David N. Carss and Danielle Linton and Mike P. Harris and John R. Speakman and Yvon Le Maho},
	title = {Foraging energetics of arctic cormorants and the evolution of diving birds},
	journal = {Ecology Letters}
}