@article{ID0032996851,
	doi = {10.1046/j.1365-2656.1999.00310.x},
	url = {https://doi.org/10.1046%2Fj.1365-2656.1999.00310.x},
	year = 1999,
	month = {may},
	publisher = {Wiley-Blackwell},
	volume = {68},
	number = {3},
	pages = {581-594},
	author = {K. E. Hodges and C. J. Krebs and A. R. E. Sinclair},
	title = {Snowshoe hare demography during a cyclic population low},
	journal = {Journal of Animal Ecology}
}