@article{ID0033551915,
	doi = {10.1126/science.285.5430.1071},
	url = {https://doi.org/10.1126%2Fscience.285.5430.1071},
	year = 1999,
	month = {aug},
	publisher = {American Association for the Advancement of Science ({AAAS})},
	volume = {285},
	number = {5430},
	pages = {1071-1073},
	author = {N. C. Stenseth},
	title = {Common dynamic structure of Canada lynx populations within three climatic regions},
	journal = {Science}
}