@article{ID0032889534,
	doi = {10.1016/s0006-3207(98)00045-7},
	url = {https://doi.org/10.1016%2Fs0006-3207%2898%2900045-7},
	year = 1999,
	month = {jan},
	publisher = {Elsevier {BV}},
	volume = {87},
	number = {1},
	pages = {21-29},
	author = {H. Grant Gilchrist},
	title = {Declining thick-billed murre Uria lomvia colonies experience higher gull predation rates: An inter-colony comparison},
	journal = {Biological Conservation}
}