@article{ID0035026950,
	doi = {10.1007/s004420000559},
	url = {https://doi.org/10.1007%2Fs004420000559},
	year = 2001,
	month = {mar},
	publisher = {Springer Nature},
	volume = {127},
	number = {1},
	pages = {51-61},
	author = {William M. Cook and Robert D. Holt and Jin Yao},
	title = {Spatial variability in oviposition damage by periodical cicadas in a fragmented landscape},
	journal = {Oecologia}
}