@article{ID0024944631,
	doi = {10.1016/0006-3207(89)90081-5},
	url = {https://doi.org/10.1016%2F0006-3207%2889%2990081-5},
	year = 1989,
	publisher = {Elsevier {BV}},
	volume = {49},
	number = {2},
	pages = {85-104},
	author = {Donald G. Reid and Hu Jinchu and Dong Sai and Wang Wei and Huang Yan},
	title = {Giant Panda Ailuropoda melanoleuca behaviour and carrying capacity following a bamboo die-off},
	journal = {Biological Conservation}
}