@article{ID0025767321,
	doi = {10.1093/nar/19.14.4004},
	url = {https://doi.org/10.1093%2Fnar%2F19.14.4004},
	year = 1991,
	publisher = {Oxford University Press ({OUP})},
	volume = {19},
	number = {14},
	pages = {4004-4004},
	author = {John E. Stacy and Rolf A. Ims and Nils C. Stenseth and S. Jakobsen},
	title = {Fingerprinting of diverse species with DNA probes generated from immobilized single-stranded DNA templates},
	journal = {Nucleic Acids Research}
}