@article{ID0036745306,
	doi = {10.1034/j.1600-0706.2002.980311.x},
	url = {https://doi.org/10.1034%2Fj.1600-0706.2002.980311.x},
	year = 2002,
	month = {sep},
	publisher = {Wiley-Blackwell},
	volume = {98},
	number = {3},
	pages = {467-479},
	author = {Laurent Crespin and Ron Verhagen and Nils Chr. Stenseth and Nigel G. Yoccoz and Anne-Caroline Prevot-Julliard and Jean-Dominique Lebreton},
	title = {Survival in fluctuating bank vole populations: Seasonal and yearly variations},
	journal = {Oikos}
}