@article{ID0035824020,
	doi = {10.1006/jtbi.2001.2404},
	url = {https://doi.org/10.1006%2Fjtbi.2001.2404},
	year = 2001,
	month = {nov},
	publisher = {Elsevier {BV}},
	volume = {213},
	number = {1},
	pages = {53-72},
	author = {MARY ANN HARRISON and YING-CHENG LAI and ROBERT D. HOLT},
	title = {Dynamical mechanism for coexistence of dispersing species},
	journal = {Journal of Theoretical Biology}
}