@article{ID0035076092,
	doi = {10.1046/j.1365-294x.2001.01229.x},
	url = {https://doi.org/10.1046%2Fj.1365-294x.2001.01229.x},
	year = 2001,
	month = {feb},
	publisher = {Wiley-Blackwell},
	volume = {10},
	number = {2},
	pages = {481-495},
	author = {D. Ehrich and P. E. Jorde and C. J. Krebs and A. J. Kenney and J. E. Stacy and N. C. Stenseth},
	title = {Spatial structure of lemming populations (Dicrostonyx groenlandicus) fluctuating in density},
	journal = {Molecular Ecology}
}