@article{ID0036334638,
	doi = {10.1016/s0006-3207(01)00261-0},
	url = {https://doi.org/10.1016%2Fs0006-3207%2801%2900261-0},
	year = 2002,
	month = {aug},
	publisher = {Elsevier {BV}},
	volume = {106},
	number = {3},
	pages = {347-357},
	author = {A. Sverdrup-Thygeson and R. A. Ims},
	title = {The effect of forest clearcutting in Norway on the community of saproxylic beetles on aspen},
	journal = {Biological Conservation}
}