@article{ID0033956992,
	doi = {10.1046/j.1461-0248.2000.00101.x},
	url = {https://doi.org/10.1046%2Fj.1461-0248.2000.00101.x},
	year = 2000,
	month = {jan},
	publisher = {Wiley-Blackwell},
	volume = {3},
	number = {1},
	pages = {1-4},
	author = {M. C. Forchhammer},
	title = {Timing of foetal growth spurts can explain sex ratio variation in polygynous mammals},
	journal = {Ecology Letters}
}