@article{ID0028814327,
	doi = {10.1007/bf00328628},
	url = {https://doi.org/10.1007%2Fbf00328628},
	year = 1995,
	month = {aug},
	publisher = {Springer Nature},
	volume = {103},
	number = {3},
	pages = {379-389},
	author = {Line Choini{\`{e}}re and Gilles Gauthier},
	title = {Energetics of reproduction in female and male greater snow geese},
	journal = {Oecologia}
}