@article{ID0033008696,
	doi = {10.1046/j.1365-2745.1999.00329.x},
	url = {https://doi.org/10.1046%2Fj.1365-2745.1999.00329.x},
	year = 1999,
	month = {jan},
	publisher = {Wiley-Blackwell},
	volume = {87},
	number = {1},
	pages = {55-65},
	author = {Jens-Christian Svenning},
	title = {Microhabitat specialization in a species-rich palm community in Amazonian Ecuador},
	journal = {Journal of Ecology}
}