@article{ID0008584672,
	doi = {10.1016/s0003-3472(85)80062-2},
	url = {https://doi.org/10.1016%2Fs0003-3472%2885%2980062-2},
	year = 1985,
	month = {may},
	publisher = {Elsevier {BV}},
	volume = {33},
	number = {2},
	pages = {384-391},
	author = {Gregory E. Glass and Robert D. Holt and Norman A. Slade},
	title = {Infanticide as an evolutionarily stable strategy},
	journal = {Animal Behaviour}
}