@article{ID0031781712,
	doi = {10.1086/286144},
	url = {https://doi.org/10.1086%2F286144},
	year = 1998,
	month = {jun},
	publisher = {University of Chicago Press},
	volume = {151},
	number = {6},
	pages = {587-595},
	author = {H. ~B. Wilson and M. ~P. Hassell and R. ~D. Holt},
	title = {Persistence and area effects in a stochastic tritrophic model},
	journal = {The American Naturalist}
}