@article{ID0028162931,
	doi = {10.1071/wr9940559},
	url = {https://doi.org/10.1071%2Fwr9940559},
	year = 1994,
	publisher = {{CSIRO} Publishing},
	volume = {21},
	number = {5},
	pages = {559},
	author = {CJ Krebs and GR Singleton and AJ Kenney},
	title = {Six reasons why feral house mouse populations might have low recapture rates},
	journal = {Wildlife Research}
}