@article{ID0037460218,
	doi = {10.1098/rspb.2002.2219},
	url = {https://doi.org/10.1098%2Frspb.2002.2219},
	year = 2003,
	month = {jan},
	publisher = {The Royal Society},
	volume = {270},
	number = {1511},
	pages = {215-224},
	author = {R. D. Holt and R. Gomulkiewicz and M. Barfield},
	title = {The phenomenology of niche evolution via quantitative traits in a 'black-hole' sink},
	journal = {Proceedings of the Royal Society B: Biological Sciences}
}