@article{ID0034992811,
	doi = {10.1086/320427},
	url = {https://doi.org/10.1086%2F320427},
	year = 2001,
	month = {may},
	publisher = {University of Chicago Press},
	volume = {74},
	number = {3},
	pages = {356-365},
	author = {Wendell O. Challenger and Tony D. Williams and Julian K. Christians and Fran{\c{c}}ois V{\'{e}}zina},
	title = {Follicular development and plasma yolk precursor dynamics through the laying cycle in the European starling (Sturnus vulgaris)},
	journal = {Physiological and Biochemical Zoology}
}