@article{ID0035953612,
	doi = {10.1038/35074099},
	url = {https://doi.org/10.1038%2F35074099},
	year = 2001,
	month = {apr},
	publisher = {Springer Nature},
	volume = {410},
	number = {6832},
	pages = {1096-1099},
	author = {Atle Mysterud and Nils Chr. Stenseth and Nigel G. Yoccoz and Rolf Langvatn and Geir Steinheim},
	journal = {Nature},
	title = {Nonlinear effects of large-scale climatic variability on wild and domestic herbivores}
}