@article{ID0041664965,
	doi = {10.1016/s0169-5347(03)00186-1},
	url = {https://doi.org/10.1016%2Fs0169-5347%2803%2900186-1},
	year = 2003,
	month = {aug},
	publisher = {Elsevier {BV}},
	volume = {18},
	number = {8},
	pages = {376-379},
	author = {Tomas Roslin},
	title = {Not so quiet on the high frontier},
	journal = {Trends in Ecology {\&} Evolution}
}