@article{ID0028848955,
	doi = {10.1111/j.1474-919x.1995.tb08459.x},
	url = {https://doi.org/10.1111%2Fj.1474-919x.1995.tb08459.x},
	year = 2008,
	month = {jun},
	publisher = {Wiley-Blackwell},
	volume = {137},
	pages = {S67-S74},
	author = {JESPER MADSEN},
	title = {Impacts of disturbance on migratory waterfowl},
	journal = {Ibis}
}