@article{ID0037829294,
	doi = {10.1086/375543},
	url = {https://doi.org/10.1086%2F375543},
	year = 2003,
	month = {jul},
	publisher = {University of Chicago Press},
	volume = {162},
	number = {1},
	pages = {14-28},
	author = {John~K. Kelly and Scott Williamson and Maria~E. Orive and Marilyn~S. Smith and Robert~D. Holt},
	title = {Linking dynamical and population genetic models of persistent viral infection},
	journal = {The American Naturalist}
}