@article{ID0035027479,
	doi = {10.1007/s004420000565},
	url = {https://doi.org/10.1007%2Fs004420000565},
	year = 2001,
	month = {mar},
	publisher = {Springer Nature},
	volume = {127},
	number = {1},
	pages = {69-77},
	author = {Tomas Roslin and Anne Koivunen},
	title = {Distribution and abundance of dung beetles in fragmented landscapes},
	journal = {Oecologia}
}