@article{ID0037036626,
	doi = {10.1098/rspb.2002.2047},
	url = {https://doi.org/10.1098%2Frspb.2002.2047},
	year = 2002,
	month = {aug},
	publisher = {The Royal Society},
	volume = {269},
	number = {1500},
	pages = {1523-1528},
	author = {N. G. Yoccoz and A. Mysterud and R. Langvatn and N. C. Stenseth},
	title = {Age- and density-dependent reproductive effort in male red deer},
	journal = {Proceedings of the Royal Society B: Biological Sciences}
}