@article{ID0036922033,
	doi = {10.1139/z02-120},
	url = {https://doi.org/10.1139%2Fz02-120},
	year = 2002,
	month = {aug},
	publisher = {Canadian Science Publishing},
	volume = {80},
	number = {8},
	pages = {1323-1333},
	author = {Charles J Krebs and Alice J Kenney and Scott Gilbert and Kjell Danell and Anders Angerbj√∂rn and Sam Erlinge and Robert G Bromley and Chris Shank and Suzanne Carriere},
	title = {Synchrony in lemming and vole populations in the Canadian Arctic},
	journal = {Canadian Journal of Zoology}
}