@article{ID0036071061,
	doi = {10.1023/a:1015885321263},
	url = {https://doi.org/10.1023%2Fa%3A1015885321263},
	year = 2002,
	publisher = {Springer Nature},
	volume = {160},
	number = {2},
	pages = {169-185},
	author = {Jens-Christian Svenning and Flemming Skov},
	journal = {Plant Ecology},
	title = {Mesoscale distribution of understorey plants in temperate forest (Kal√∏, Denmark): The importance of environment and dispersal}
}