@article{ID0036093622,
	doi = {10.1071/wr01074},
	url = {https://doi.org/10.1071%2Fwr01074},
	year = 2002,
	publisher = {{CSIRO} Publishing},
	volume = {29},
	number = {1},
	pages = {1},
	author = {Charles J. Krebs},
	title = {Beyond population regulation and limitation},
	journal = {Wildlife Research}
}