@article{ID0035720076,
	doi = {10.1139/cjz-79-11-2101},
	url = {https://doi.org/10.1139%2Fcjz-79-11-2101},
	year = 2001,
	publisher = {Canadian Science Publishing},
	volume = {79},
	number = {11},
	pages = {2101-2108},
	author = {Carol I. Stefan and Charles J. Krebs},
	title = {Reproductive changes in a cyclic population of snowshoe hares},
	journal = {Canadian Journal of Zoology}
}