@article{ID0031978129,
	doi = {10.1007/s004420050440},
	url = {https://doi.org/10.1007%2Fs004420050440},
	year = 1998,
	month = {apr},
	publisher = {Springer Nature},
	volume = {114},
	number = {2},
	pages = {226-235},
	author = {Denis Lepage and Gilles Gauthier and Austin Reed},
	title = {Seasonal variation in growth of greater snow goose goslings: The role of food supply},
	journal = {Oecologia}
}