@article{ID0037195004,
	doi = {10.1098/rstb.2002.1122},
	url = {https://doi.org/10.1098%2Frstb.2002.1122},
	year = 2002,
	month = {sep},
	publisher = {The Royal Society},
	volume = {357},
	number = {1425},
	pages = {1211-1219},
	author = {C. J. Krebs},
	title = {Two complementary paradigms for analyzing population dynamics},
	journal = {Philosophical Transactions of the Royal Society B: Biological Sciences}
}