@article{ID0021082793,
	doi = {10.1086/284153},
	url = {https://doi.org/10.1086%2F284153},
	year = 1983,
	month = {oct},
	publisher = {University of Chicago Press},
	volume = {122},
	number = {4},
	pages = {521-541},
	author = {Robert D. Holt},
	title = {Optimal foraging and the form of the predator isocline.},
	journal = {The American Naturalist}
}