@article{ID0032991399,
	doi = {10.1046/j.1365-2656.1999.00309.x},
	url = {https://doi.org/10.1046%2Fj.1365-2656.1999.00309.x},
	year = 1999,
	month = {may},
	publisher = {Wiley-Blackwell},
	volume = {68},
	number = {3},
	pages = {501-512},
	author = {Daniel. T. Haydon and Elizabeth. A. Gillis and Carol. I. Stefan and Charles. J. Krebs},
	title = {Biases in the estimation of the demographic parameters of a snowshoe hare population},
	journal = {Journal of Animal Ecology}
}