@article{ID0002980133,
	doi = {10.1186/1472-6785-1-5},
	url = {https://doi.org/10.1186%2F1472-6785-1-5},
	year = 2001,
	publisher = {Springer Nature},
	volume = {1},
	number = {1},
	pages = {5},
	author = {Eric Post and Mads C Forchhammer},
	journal = {{BMC} Ecology},
	title = {Pervasive influence of large-scale climate in the dynamics of a terrestrial vertebrate community}
}