@article{ID0034519474,
	doi = {10.1023/a:1008127702944},
	url = {https://doi.org/10.1023%2Fa%3A1008127702944},
	year = 2000,
	publisher = {Springer Nature},
	volume = {15},
	number = {8},
	pages = {755-764},
	author = {Jesper Kyed Larsen and Jesper Madsen},
	journal = {Landscape Ecology},
	title = {Effects of wind turbines and other physical elements on field utilization by pink-footed geese (Anser brachyrhynchus): A landscape perspective}
}