@article{ID0026269214,
	doi = {10.1111/j.1469-7998.1991.tb03821.x},
	url = {https://doi.org/10.1111%2Fj.1469-7998.1991.tb03821.x},
	year = 1991,
	month = {nov},
	publisher = {Wiley-Blackwell},
	volume = {225},
	number = {3},
	pages = {347-364},
	author = {D. G. Reid and Hu Jinchu and Huang Yan},
	title = {Ecology of the red panda Ailurus fulgens in the Wolong Reserve, China},
	journal = {Journal of Zoology}
}