@article{ID0031713824,
	doi = {10.1007/s004420050577},
	url = {https://doi.org/10.1007%2Fs004420050577},
	year = 1998,
	month = {aug},
	publisher = {Springer Nature},
	volume = {116},
	number = {1-2},
	pages = {177-181},
	author = {D. E. Nelson and A. Angerbj√∂rn and K. Lid{\'{e}}n and I. Turk},
	title = {Stable isotopes and the metabolism of the European cave bear},
	journal = {Oecologia}
}