@article{ID0032832264,
	doi = {10.1046/j.1365-2656.1999.00336.x},
	url = {https://doi.org/10.1046%2Fj.1365-2656.1999.00336.x},
	year = 1999,
	month = {sep},
	publisher = {Wiley-Blackwell},
	volume = {68},
	number = {5},
	pages = {839-852},
	author = {Rolf A. Ims and Harry P. Andreassen},
	title = {Effects of experimental habitat fragmentation and connectivity on root vole demography},
	journal = {Journal of Animal Ecology}
}