@article{ID0033913628,
	doi = {10.1086/303382},
	url = {https://doi.org/10.1086%2F303382},
	year = 2000,
	month = {aug},
	publisher = {University of Chicago Press},
	volume = {156},
	number = {2},
	pages = {156-174},
	author = {Richard Gomulkiewicz and John N. Thompson and Robert D. Holt and Scott L. Nuismer and Michael E. Hochberg},
	title = {Hot spots, cold spots, and the geographic mosaic theory of coevolution},
	journal = {The American Naturalist}
}