@article{ID0025642208,
	doi = {10.1007/bf00328173},
	url = {https://doi.org/10.1007%2Fbf00328173},
	year = 1990,
	month = {oct},
	publisher = {Springer Nature},
	volume = {84},
	number = {4},
	pages = {553-558},
	author = {Gilles Gauthier and Jean B{\'{e}}dard},
	title = {The role of phenolic compounds and nutrients in determining food preference in greater snow geese},
	journal = {Oecologia}
}