@article{ID0023527234,
	doi = {10.1007/bf00379358},
	url = {https://doi.org/10.1007%2Fbf00379358},
	year = 1987,
	publisher = {Springer Nature},
	volume = {74},
	number = {2},
	pages = {185-192},
	author = {K. Trostel and A. R. E. Sinclair and C. J. Walters and C. J. Krebs},
	title = {Can predation cause the 10-year hare cycle?},
	journal = {Oecologia}
}