@article{ID0042786661,
	doi = {10.1046/j.1461-0248.2003.00501.x},
	url = {https://doi.org/10.1046%2Fj.1461-0248.2003.00501.x},
	year = 2003,
	month = {sep},
	publisher = {Wiley-Blackwell},
	volume = {6},
	number = {9},
	pages = {837-842},
	author = {Robert D. Holt and Andrew P. Dobson and Michael Begon and Roger G. Bowers and Eric M. Schauber},
	title = {Parasite establishment in host communities},
	journal = {Ecology Letters}
}