@article{ID0034016025,
	doi = {10.1046/j.1365-2656.2000.00387.x},
	url = {https://doi.org/10.1046%2Fj.1365-2656.2000.00387.x},
	year = 2000,
	month = {mar},
	publisher = {Wiley-Blackwell},
	volume = {69},
	number = {2},
	pages = {235-247},
	author = {Tim J. Karels and Andrea E. Byrom and Rudy Boonstra and Charles J. Krebs},
	title = {The interactive effects of food and predators on reproduction and overwinter survival of arctic ground squirrels},
	journal = {Journal of Animal Ecology}
}