@article{ID0036188512,
	doi = {10.1139/z01-203},
	url = {https://doi.org/10.1139%2Fz01-203},
	year = 2002,
	month = {jan},
	publisher = {Canadian Science Publishing},
	volume = {80},
	number = {1},
	pages = {64-69},
	author = {Niels M Schmidt and Thomas B Berg and Thomas S Jensen},
	title = {The influence of body mass on daily movement patterns and home ranges of the collared lemming (Dicrostonyx groenlandicus)},
	journal = {Canadian Journal of Zoology}
}