@article{ID0035655602,
	doi = {10.1139/cjz-79-10-1901},
	url = {https://doi.org/10.1139%2Fcjz-79-10-1901},
	year = 2001,
	publisher = {Canadian Science Publishing},
	volume = {79},
	number = {10},
	pages = {1901-1905},
	author = {Gry Gundersen and Jon Aars and Harry P. Andreassen and Rolf A. Ims},
	title = {Inbreeding in the field: An experiment on root vole populations},
	journal = {Canadian Journal of Zoology}
}