@article{ID0036211697,
	doi = {10.1139/z01-221},
	url = {https://doi.org/10.1139%2Fz01-221},
	year = 2002,
	month = {feb},
	publisher = {Canadian Science Publishing},
	volume = {80},
	number = {2},
	pages = {214-222},
	author = {Patrick GR Jodice and Daniel D Roby and Scott A Hatch and Verena A Gill and Richard B Lanctot and G Henk Visser},
	title = {Does food availability affect energy expenditure rates of nesting seabirds? A supplemental-feeding experiment with Black-legged Kittiwakes (Rissa tridactyla)},
	journal = {Canadian Journal of Zoology}
}