@article{ID0038167006,
	doi = {10.1086/375680},
	url = {https://doi.org/10.1086%2F375680},
	year = 2003,
	month = {jul},
	publisher = {University of Chicago Press},
	volume = {162},
	number = {1},
	pages = {110-121},
	author = {JoÃ«l B{\^{e}}ty and Gilles Gauthier and Jean-Fran{\c{c}}ois Giroux},
	title = {Body condition, migration, and timing of reproduction in snow geese: A test of the condition-dependent model of optimal clutch size},
	journal = {The American Naturalist}
}