@article{ID0033958987,
	doi = {10.1046/j.1461-0248.2000.00119.x},
	url = {https://doi.org/10.1046%2Fj.1461-0248.2000.00119.x},
	year = 2000,
	month = {jan},
	publisher = {Wiley-Blackwell},
	volume = {3},
	number = {1},
	pages = {48-57},
	author = {E. Johannesen and H. P. Andreassen and R. A. Ims},
	title = {Spatial explicit demography: The effects habitat patch isolation have on vole matrilines},
	journal = {Ecology Letters}
}