@article{ID0031973593,
	doi = {10.1046/j.1365-2656.1998.00181.x},
	url = {https://doi.org/10.1046%2Fj.1365-2656.1998.00181.x},
	year = 1998,
	month = {jan},
	publisher = {Wiley-Blackwell},
	volume = {67},
	number = {1},
	pages = {1-16},
	author = {Xavier Lambin and Nigel G. Yoccoz},
	title = {The impact of population kin-structure on nestling survival in Townsend's voles, Microtus townsendii},
	journal = {Journal of Animal Ecology}
}