@article{ID0038579281,
	doi = {10.1046/j.1440-1703.2002.00485.x},
	url = {https://doi.org/10.1046%2Fj.1440-1703.2002.00485.x},
	year = 2002,
	month = {mar},
	publisher = {Springer Nature},
	volume = {17},
	number = {2},
	pages = {261-273},
	author = {Robert D. Holt},
	title = {Food webs in space: On the interplay of dynamic instability and spatial processes},
	journal = {Ecological Research}
}