@article{ID0028253506,
	doi = {10.1006/anbe.1994.1388},
	url = {https://doi.org/10.1006%2Fanbe.1994.1388},
	year = 1994,
	month = {dec},
	publisher = {Elsevier {BV}},
	volume = {48},
	number = {6},
	pages = {1476-1478},
	author = {Gilles Gauthier},
	title = {Foraging dynamics in goose flocks and the cost of living on the edge: A comment},
	journal = {Animal Behaviour}
}