@article{ID0038419605,
	doi = {10.1046/j.1365-2435.2003.00741.x},
	url = {https://doi.org/10.1046%2Fj.1365-2435.2003.00741.x},
	year = 2003,
	month = {jun},
	publisher = {Wiley-Blackwell},
	volume = {17},
	number = {3},
	pages = {356-362},
	author = {T. Piersma and A. Lindstrom and R. H. Drent and I. Tulp and J. Jukema and R. I. G. Morrison and J. Reneerkens and H. Schekkerman and G. H. Visser},
	title = {High daily energy expenditure of incubating shorebirds on High Arctic tundra: A circumpolar study},
	journal = {Functional Ecology}
}