@article{ID0033024257,
	doi = {10.1046/j.1365-2656.1999.00304.x},
	url = {https://doi.org/10.1046%2Fj.1365-2656.1999.00304.x},
	year = 1999,
	month = {may},
	publisher = {Wiley-Blackwell},
	volume = {68},
	number = {3},
	pages = {550-561},
	author = {Romain Julliard and Herwig Leirs and Nils. Chr. Stenseth and Nigel. G. Yoccoz and Anne-Caroline Prevot-Julliard and Ron Verhagen and Walter Verheyen},
	title = {Survival-variation within and between functional categories of the African multimammate rat},
	journal = {Journal of Animal Ecology}
}