@article{ID0032080570,
	doi = {10.1016/s0006-3207(97)00097-9},
	url = {https://doi.org/10.1016%2Fs0006-3207%2897%2900097-9},
	year = 1998,
	month = {may},
	publisher = {Elsevier {BV}},
	volume = {84},
	number = {2},
	pages = {157-165},
	author = {Preben Clausen and Jesper Madsen and Steve M. Percival and David O{\textquotesingle}Connor and Guy Q. A. Anderson},
	title = {Population development and changes in winter site use by the Svalbard light-bellied brent goose, Branta bernicla hrota 1980-1994},
	journal = {Biological Conservation}
}