@article{ID0038608607,
	doi = {10.1078/0031-4056-00189},
	url = {https://doi.org/10.1078%2F0031-4056-00189},
	year = 2003,
	month = {jan},
	publisher = {Elsevier {BV}},
	volume = {47},
	number = {3},
	pages = {257-271},
	author = {Guldborg S{\o}vik and Hans Petter Leinaas and Rolf Anker Ims and Torstein Solh{\o}y},
	title = {Population dynamics and life history of the oribatid mite Ameronothrus lineatus (Acari, Oribatida) on the high arctic archipelago of Svalbard},
	journal = {Pedobiologia}
}