@article{ID0036883779,
	doi = {10.1016/s0006-3207(02)00142-8},
	url = {https://doi.org/10.1016%2Fs0006-3207%2802%2900142-8},
	year = 2002,
	month = {dec},
	publisher = {Elsevier {BV}},
	volume = {108},
	number = {3},
	pages = {377-378},
	author = {A Sverdrup-Thygeson and R. A Ims},
	title = {Erratum: The effect of forest clearcutting in Norway on the community of saproxylic beetles on aspen (Biological Conservation (2000) 108:3(377-378) PII: S0006320701002610)},
	journal = {Biological Conservation}
}