@article{ID0033533570,
	doi = {10.1098/rspb.1999.0846},
	url = {https://doi.org/10.1098%2Frspb.1999.0846},
	year = 1999,
	month = {sep},
	publisher = {The Royal Society},
	volume = {266},
	number = {1430},
	pages = {1779-1783},
	author = {K. Liden and A. Angerbjorn},
	title = {Dietary change and stable isotopes: A model of growth and dormancy in cave bears},
	journal = {Proceedings of the Royal Society B: Biological Sciences}
}