@article{ID0027069250,
	doi = {10.1007/bf02270702},
	url = {https://doi.org/10.1007%2Fbf02270702},
	year = 1992,
	month = {sep},
	publisher = {Springer Nature},
	volume = {6},
	number = {5},
	pages = {433-447},
	author = {Robert D. Holt and Michael S. Gaines},
	title = {Analysis of adaptation in heterogeneous landscapes: Implications for the evolution of fundamental niches},
	journal = {Evolutionary Ecology}
}