@article{ID0028191357,
	doi = {10.1515/mamm.1994.58.4.649},
	url = {https://doi.org/10.1515%2Fmamm.1994.58.4.649},
	year = 1994,
	publisher = {Walter de Gruyter {GmbH}},
	volume = {58},
	number = {4},
	author = {J. AARS and H. P. ANDREASSEN and R. A. IMS},
	title = {The use of fluorescent pigments to establish mother-offspring relationships in small mammals},
	journal = {Mammalia},
	pages = {649-656}
}