@article{ID0031963042,
	doi = {10.1046/j.1365-2656.1998.00175.x},
	url = {https://doi.org/10.1046%2Fj.1365-2656.1998.00175.x},
	year = 1998,
	month = {jan},
	publisher = {Wiley-Blackwell},
	volume = {67},
	number = {1},
	pages = {127-140},
	author = {Ottar N. Bjornstad and Harry P. Andreassen and Rolf A. Ims},
	title = {Effects of habitat patchiness and connectivity on the spatial ecology of the root vole Microtus oeconomus},
	journal = {Journal of Animal Ecology}
}