@article{ID0036192611,
	doi = {10.1046/j.1365-2664.2002.00692.x},
	url = {https://doi.org/10.1046%2Fj.1365-2664.2002.00692.x},
	year = 2002,
	month = {feb},
	publisher = {Wiley-Blackwell},
	volume = {39},
	number = {1},
	pages = {91-102},
	author = {Stephane Menu and Gilles Gauthier and Austin Reed},
	title = {Changes in survival rates and population dynamics of greater snow geese over a 30-year period: Implications for hunting regulations},
	journal = {Journal of Applied Ecology}
}