@article{ID0024889258,
	doi = {10.1111/j.1751-8369.1989.tb00600.x},
	url = {https://doi.org/10.1111%2Fj.1751-8369.1989.tb00600.x},
	year = 1989,
	month = {jun},
	publisher = {Informa {UK} Limited},
	volume = {7},
	number = {1},
	pages = {1-21},
	author = {JESPER MADSEN and THOMAS BREGNBALLE and FRIDTJOF MEHLUM},
	title = {Study of the breeding ecology and behaviour of the Svalbard population of Light‚Äêbellied Brent Goose Branta bernicla hrota},
	journal = {Polar Research}
}