@article{ID0033976217,
	doi = {10.1016/s0048-9697(99)00440-4},
	url = {https://doi.org/10.1016%2Fs0048-9697%2899%2900440-4},
	year = 2000,
	month = {jan},
	publisher = {Elsevier {BV}},
	volume = {245},
	number = {1-3},
	pages = {149-159},
	author = {P AASTRUP and F RIGET and R DIETZ and G ASMUND},
	title = {Lead, zinc, cadmium, mercury, selenium and copper in Greenland caribou and reindeer (Rangifer tarandus)},
	journal = {The Science of The Total Environment}
}