@article{ID0025660154,
	doi = {10.1016/0169-5347(90)90088-u},
	url = {https://doi.org/10.1016%2F0169-5347%2890%2990088-u},
	year = 1990,
	month = {sep},
	publisher = {Elsevier {BV}},
	volume = {5},
	number = {9},
	pages = {311-315},
	author = {Robert D. Holt},
	title = {The microevolutionary consequences of climate change},
	journal = {Trends in Ecology {\&} Evolution}
}