@article{ID0032462075,
	doi = {10.1023/a:1008831600795},
	url = {https://doi.org/10.1023%2Fa%3A1008831600795},
	year = 1998,
	publisher = {Springer Nature},
	volume = {7},
	number = {12},
	pages = {1529-1537},
	author = {Jens-Christian Svenning},
	journal = {Biodiversity {\&} Conservation},
	title = {The effect of land-use on the local distribution of palm species in an Andean rain forest fragment in northwestern Ecuador}
}