@article{ID0035117132,
	doi = {10.1086/318633},
	url = {https://doi.org/10.1086%2F318633},
	year = 2001,
	month = {feb},
	publisher = {University of Chicago Press},
	volume = {157},
	number = {2},
	pages = {203-216},
	author = {Timothy H. Keitt and Mark A. Lewis and Robert D. Holt},
	title = {Allee effects, invasion pinning, and species' borders},
	journal = {The American Naturalist}
}