@article{ID0024224681,
	doi = {10.1007/bf02207565},
	url = {https://doi.org/10.1007%2Fbf02207565},
	year = 1988,
	month = {oct},
	publisher = {Springer Nature},
	volume = {2},
	number = {4},
	pages = {338-352},
	author = {Rolf Anker Ims},
	title = {The potential for sexual selection in males: Effect of sex ratio and spatiotemporal distribution of receptive females},
	journal = {Evolutionary Ecology}
}