@article{ID0037742681,
	doi = {10.1046/j.1461-0248.2003.00480.x},
	url = {https://doi.org/10.1046%2Fj.1461-0248.2003.00480.x},
	year = 2003,
	month = {jun},
	publisher = {Wiley-Blackwell},
	volume = {6},
	number = {7},
	pages = {654-664},
	author = {Kevin D. Lafferty and Robert D. Holt},
	title = {How should environmental stress affect the population dynamics of disease?},
	journal = {Ecology Letters}
}