@article{ID0037057615,
	doi = {10.1038/nature01104},
	url = {https://doi.org/10.1038%2Fnature01104},
	year = 2002,
	month = {oct},
	publisher = {Springer Nature},
	volume = {419},
	number = {6907},
	pages = {613-615},
	author = {Donald Blomqvist and Malte Andersson and Clemens KÃ¼pper and Innes C. Cuthill and J{\'{a}}nos Kis and Richard B. Lanctot and Brett K. Sandercock and Tam{\'{a}}s Sz{\'{e}}kely and Johan Wallander and Bart Kempenaers},
	title = {Genetic similarity between mates and extra-pair parentage in three species of shorebirds},
	journal = {Nature}
}