@article{ID0026269398,
	doi = {10.1007/bf00164385},
	url = {https://doi.org/10.1007%2Fbf00164385},
	year = 1991,
	month = {jun},
	publisher = {Springer Nature},
	volume = {28},
	number = {5},
	pages = {353-363},
	author = {Xavier Lambin and Charles J. Krebs},
	title = {Spatial organization and mating system of Microtus townsendii},
	journal = {Behavioral Ecology and Sociobiology}
}