@article{ID0030222805,
	doi = {10.1016/0022-0981(95)00183-2},
	url = {https://doi.org/10.1016%2F0022-0981%2895%2900183-2},
	year = 1996,
	month = {sep},
	publisher = {Elsevier {BV}},
	volume = {201},
	number = {1-2},
	pages = {137-158},
	author = {Gilles Miron and Edwin Bourget and Philippe Archambault},
	title = {Scale of observation and distribution of adult conspecifics: Their influence in assessing passive and active settlement mechanisms in the barnacle Balanus crenatus (Brugiere)},
	journal = {Journal of Experimental Marine Biology and Ecology}
}