@article{ID0000472832,
	doi = {10.1007/bf02071557},
	url = {https://doi.org/10.1007%2Fbf02071557},
	year = 1987,
	month = {oct},
	publisher = {Springer Nature},
	volume = {1},
	number = {4},
	pages = {331-347},
	author = {Robert D. Holt},
	title = {Population dynamics and evolutionary processes: the manifold roles of habitat selection},
	journal = {Evolutionary Ecology}
}