@article{ID0033562667,
	doi = {10.1016/s0022-0981(98)00146-4},
	url = {https://doi.org/10.1016%2Fs0022-0981%2898%2900146-4},
	year = 1999,
	month = {may},
	publisher = {Elsevier {BV}},
	volume = {238},
	number = {2},
	pages = {161-184},
	author = {Philippe Archambault and Edwin Bourget},
	title = {Influence of shoreline configuration on spatial variation of meroplanktonic larvae, recruitment and diversity of benthic subtidal communities},
	journal = {Journal of Experimental Marine Biology and Ecology}
}