@article{ID0025635294,
	doi = {10.1086/285111},
	url = {https://doi.org/10.1086%2F285111},
	year = 1990,
	month = {oct},
	publisher = {University of Chicago Press},
	volume = {136},
	number = {4},
	pages = {517-541},
	author = {Michael E. Hochberg and Robert D. Holt},
	title = {The coexistence of competing parasites. 1. The role of cross-species infection},
	journal = {The American Naturalist}
}