@article{ID0033757553,
	doi = {10.1006/gcen.2000.7543},
	url = {https://doi.org/10.1006%2Fgcen.2000.7543},
	year = 2000,
	month = {oct},
	publisher = {Elsevier {BV}},
	volume = {120},
	number = {1},
	pages = {118-126},
	author = {Theunis Piersma and Jeroen Reneerkens and Marilyn Ramenofsky},
	title = {Baseline corticosterone peaks in shorebirds with maximal energy stores for migration: A general preparatory mechanism for rapid behavioral and metabolic transitions?},
	journal = {General and Comparative Endocrinology}
}