@article{ID0026293464,
	doi = {10.1515/mamm.1991.55.2.221},
	url = {https://doi.org/10.1515%2Fmamm.1991.55.2.221},
	year = 1991,
	publisher = {Walter de Gruyter {GmbH}},
	volume = {55},
	number = {2},
	author = {D. REID and M. JIANG and Q. TENG and Z. QIN and J. HU},
	title = {Ecology of the asiatic black bear (ursus thibetanus) in sichuan, china},
	journal = {Mammalia},
	pages = {221-238}
}