@article{ID0033998658,
	doi = {10.1046/j.1523-1739.2000.98081.x},
	url = {https://doi.org/10.1046%2Fj.1523-1739.2000.98081.x},
	year = 2000,
	month = {apr},
	publisher = {Wiley-Blackwell},
	volume = {14},
	number = {2},
	pages = {342-355},
	author = {Diane M. Debinski and Robert D. Holt},
	title = {A survey and overview of habitat fragmentation experiments},
	journal = {Conservation Biology}
}