@article{ID0028177094,
	doi = {10.1111/j.1600-0587.1994.tb00080.x},
	url = {https://doi.org/10.1111%2Fj.1600-0587.1994.tb00080.x},
	year = 1994,
	month = {mar},
	publisher = {Wiley-Blackwell},
	volume = {17},
	number = {1},
	pages = {88-96},
	author = {Magnus Tannerfeldt and Anders Angerbjorn and Bengt ArvidSon},
	title = {The effect of summer feeding on juvenile arctic fox survival ‚Äê a field experiment},
	journal = {Ecography}
}