@article{ID0035036483,
	doi = {10.1007/s004420000516},
	url = {https://doi.org/10.1007%2Fs004420000516},
	year = 2001,
	month = {jan},
	publisher = {Springer Nature},
	volume = {126},
	number = {2},
	pages = {216-224},
	author = {Martin Predavec and Charles J. Krebs and Kjell Danell and Rob Hyndman},
	title = {Cycles and synchrony in the collared lemming (Dicrostonyx groenlandicus) in Arctic North America},
	journal = {Oecologia}
}