@article{ID0028978865,
	doi = {10.1007/bf00328687},
	url = {https://doi.org/10.1007%2Fbf00328687},
	year = 1995,
	publisher = {Springer Nature},
	volume = {103},
	number = {4},
	pages = {481-489},
	author = {Charles J. Krebs and Rudy Boonstra and Alice J. Kenney},
	title = {Population dynamics of the collared lemming and the tundra vole at Pearce Point, Northwest Territories, Canada},
	journal = {Oecologia}
}