@article{ID0032845594,
	doi = {10.1006/ecss.1999.0481},
	url = {https://doi.org/10.1006%2Fecss.1999.0481},
	year = 1999,
	month = {aug},
	publisher = {Elsevier {BV}},
	volume = {49},
	number = {2},
	pages = {193-208},
	author = {P Archambault and C. W McKindsey and E Bourget},
	title = {Large-scale shoreline configuration influences phytoplankton concentration and mussel growth},
	journal = {Estuarine, Coastal and Shelf Science}
}