@article{ID0038834600,
	doi = {10.1016/0169-5347(93)90001-6},
	url = {https://doi.org/10.1016%2F0169-5347%2893%2990001-6},
	year = 1993,
	month = {dec},
	publisher = {Elsevier {BV}},
	volume = {8},
	number = {12},
	pages = {423-425},
	author = {Robert D. Holt},
	title = {Infectious diseases of wildlife, in theory and in practice},
	journal = {Trends in Ecology {\&} Evolution}
}