@article{ID0032171672,
	doi = {10.1016/s0006-3207(97)00172-9},
	url = {https://doi.org/10.1016%2Fs0006-3207%2897%2900172-9},
	year = 1998,
	month = {sep},
	publisher = {Elsevier {BV}},
	volume = {85},
	number = {3},
	pages = {241-255},
	author = {J. Madsen and S. Pihl and P. Clausen},
	title = {Establishing a reserve network for waterfowl in Denmark: A biological evaluation of needs and consequences},
	journal = {Biological Conservation}
}