@article{ID0034816480,
	doi = {10.1046/j.1365-2540.2001.00883.x},
	url = {https://doi.org/10.1046%2Fj.1365-2540.2001.00883.x},
	year = 2001,
	month = {jun},
	publisher = {Springer Nature},
	volume = {86},
	number = {6},
	pages = {716-730},
	author = {Dorothee Ehrich and Nils ChR. Stenseth},
	title = {Genetic structure of Siberian lemmings (Lemmus sibiricus) in a continuous habitat: Large patches rather than isolation by distance},
	journal = {Heredity}
}