@article{ID0034626803,
	doi = {10.1038/35041562},
	url = {https://doi.org/10.1038%2F35041562},
	year = 2000,
	month = {nov},
	publisher = {Springer Nature},
	volume = {408},
	number = {6809},
	pages = {194-196},
	author = {Rolf A. Ims and Harry P. Andreassen},
	journal = {Nature},
	title = {Spatial synchronization of vole population dynamics by predatory birds}
}