@article{ID0036313564,
	doi = {10.1034/j.1600-0706.2002.970203.x},
	url = {https://doi.org/10.1034%2Fj.1600-0706.2002.970203.x},
	year = 2002,
	month = {may},
	publisher = {Wiley-Blackwell},
	volume = {97},
	number = {2},
	pages = {177-183},
	author = {Atle Mysterud and Geir Steinheim and Nigel G. Yoccoz and Oystein Holand and Nils Chr. Stenseth},
	title = {Early onset of reproductive senescence in domestic sheep, Ovis aries},
	journal = {Oikos}
}