@article{ID0035122553,
	doi = {10.1046/j.1461-0248.2001.00182.x},
	url = {https://doi.org/10.1046%2Fj.1461-0248.2001.00182.x},
	year = 2001,
	month = {jan},
	publisher = {Wiley-Blackwell},
	volume = {4},
	number = {1},
	pages = {14-21},
	author = {G. Gundersen and E. Johannesen and H. P. Andreassen and R. A. Ims},
	title = {Source-sink dynamics: How sinks affect demography of sources},
	journal = {Ecology Letters}
}