@article{ID0036166017,
	doi = {10.1016/s0020-7519(01)00304-6},
	url = {https://doi.org/10.1016%2Fs0020-7519%2801%2900304-6},
	year = 2002,
	month = {jan},
	publisher = {Elsevier {BV}},
	volume = {32},
	number = {1},
	pages = {15-20},
	author = {Yannick Outreman and Lo{\i}Ìˆc Bollache and Stewart Plaistow and Frank C{\'{e}}zilly},
	title = {Patterns of intermediate host use and levels of association between two conflicting manipulative parasites},
	journal = {International Journal for Parasitology}
}