@article{ID0034784590,
	doi = {10.1023/a:1011850000360},
	url = {https://doi.org/10.1023%2Fa%3A1011850000360},
	year = 2001,
	publisher = {Springer Nature},
	volume = {71},
	number = {3},
	pages = {255-267},
	author = {M. Wayland and A. J. Garcia-Fernandez and E. Neugebauer and H. G. Gilchrist},
	journal = {Environmental Monitoring and Assessment},
	title = {Concentrations of cadmium, mercury and selenium in blood, liver and kidney of common eider ducks from the Canadian arctic}
}