@article{ID0035691511,
	doi = {10.1017/s0031182001008800},
	url = {https://doi.org/10.1017%2Fs0031182001008800},
	year = 2001,
	month = {jun},
	publisher = {Cambridge University Press ({CUP})},
	volume = {123},
	number = {06},
	author = {H. HENTTONEN and E. FUGLEI and C. N. GOWER and V. HAUKISALMI and R. A. IMS and J. NIEMIMAA and N. G. YOCCOZ},
	title = {Echinococcus multilocularis on Svalbard: Introduction of an intermediate host has enabled the local life-cycle},
	journal = {Parasitology},
	pages = {547-552}
}