@article{ID0038496900,
	doi = {10.1046/j.1461-0248.2003.00477.x},
	url = {https://doi.org/10.1046%2Fj.1461-0248.2003.00477.x},
	year = 2003,
	month = {jun},
	publisher = {Wiley-Blackwell},
	volume = {6},
	number = {7},
	pages = {646-653},
	author = {Jens-Christian Svenning},
	title = {Deterministic Plio-Pleistocene extinctions in the European cool-temperate tree flora},
	journal = {Ecology Letters}
}