@article{ID0027011010,
	doi = {10.1111/j.1751-8369.1992.tb00410.x},
	url = {https://doi.org/10.1111%2Fj.1751-8369.1992.tb00410.x},
	year = 1992,
	month = {dec},
	publisher = {Informa {UK} Limited},
	volume = {11},
	number = {2},
	pages = {35-39},
	author = {JESPER MADSEN and THOMAS BREGNBALLE and ANNETTE HASTRUP},
	title = {Impact of the Arctic Fox Alopex lagopus on nesting success of geese in southeast Svalbard, 1989},
	journal = {Polar Research}
}