@article{ID0038537347,
	doi = {10.1023/a:1024159932021},
	url = {https://doi.org/10.1023%2Fa%3A1024159932021},
	year = 2003,
	publisher = {Springer Nature},
	volume = {12},
	number = {10},
	pages = {2025-2041},
	author = {Hans Henrik Bruun and Jon Moen and Anders Angerbjörn},
	journal = {Biodiversity and Conservation},
	title = {Environmental correlates of meso-scale plant species richness in the province of Härjedalen, Sweden}
}