@article{ID0030986178,
	doi = {10.1073/pnas.94.10.5147},
	url = {https://doi.org/10.1073%2Fpnas.94.10.5147},
	year = 1997,
	month = {may},
	publisher = {Proceedings of the National Academy of Sciences},
	volume = {94},
	number = {10},
	pages = {5147-5152},
	author = {N. C. Stenseth and W. Falck and O. N. Bjornstad and C. J. Krebs},
	title = {Population regulation in snowshoe hare and Canadian lynx: Asymmetric food web configurations between hare and lynx},
	journal = {Proceedings of the National Academy of Sciences}
}