@article{ID0036848914,
	doi = {10.1046/j.1365-2656.2002.00664.x},
	url = {https://doi.org/10.1046%2Fj.1365-2656.2002.00664.x},
	year = 2002,
	month = {nov},
	publisher = {Wiley-Blackwell},
	volume = {71},
	number = {6},
	pages = {1002-1014},
	author = {Mads C. Forchhammer and Eric Post and Nils CHR. Stenseth},
	title = {North Atlantic Oscillation timing of long- and short-distance migration},
	journal = {Journal of Animal Ecology}
}