@article{ID0027510828,
	doi = {10.1016/0006-3207(93)90722-d},
	url = {https://doi.org/10.1016%2F0006-3207%2893%2990722-d},
	year = 1993,
	publisher = {Elsevier {BV}},
	volume = {63},
	number = {3},
	pages = {261-268},
	author = {Rolf Anker Ims and J{\o}rund Rolstad and Per Wegge},
	title = {Predicting space use responses to habitat fragmentation: can voles Microtus oeconomus serve as an experimental model system (EMS) for capercaillie grouse Tetrao urogallus in boreal forest?},
	journal = {Biological Conservation}
}