@article{ID0032885989,
	doi = {10.1086/303224},
	url = {https://doi.org/10.1086%2F303224},
	year = 1999,
	month = {aug},
	publisher = {University of Chicago Press},
	volume = {154},
	number = {2},
	pages = {194-204},
	author = {Eric Post and Mads C. Forchhammer and Nils C. Stenseth and Rolf Langvatn},
	title = {Extrinsic modification of vertebrate sex ratios by climatic variation},
	journal = {The American Naturalist}
}