@article{ID0033997863,
	doi = {10.1046/j.1420-9101.2000.00157.x},
	url = {https://doi.org/10.1046%2Fj.1420-9101.2000.00157.x},
	year = 2000,
	month = {mar},
	publisher = {Wiley-Blackwell},
	volume = {13},
	number = {2},
	pages = {213-222},
	author = {Hochberg and Gomulkiewicz and Holt and Thompson},
	title = {Weak sinks could cradle mutualistic symbioses - Strong sources should harbour parasitic symbioses},
	journal = {Journal of Evolutionary Biology}
}