@article{ID0035998385,
	doi = {10.1086/340853},
	url = {https://doi.org/10.1086%2F340853},
	year = 2002,
	month = {mar},
	publisher = {University of Chicago Press},
	volume = {75},
	number = {2},
	pages = {200-208},
	author = {Jeroen Reneerkens and R. I. Guy Morrison and Marilyn Ramenofsky and Theunis Piersma and John C. Wingfield},
	title = {Baseline and stress-induced levels of corticosterone during different life cycle substages in a shorebird on the high arctic breeding grounds},
	journal = {Physiological and Biochemical Zoology}
}