@article{ID0035983791,
	doi = {10.1016/s0022-2011(02)00027-7},
	url = {https://doi.org/10.1016%2Fs0022-2011%2802%2900027-7},
	year = 2002,
	month = {feb},
	publisher = {Elsevier {BV}},
	volume = {79},
	number = {2},
	pages = {102-110},
	author = {L Bollache and T Rigaud and F C{\'{e}}zilly},
	title = {Effects of two acanthocephalan parasites on the fecundity and pairing status of female Gammarus pulex (Crustacea: Amphipoda)},
	journal = {Journal of Invertebrate Pathology}
}