@article{ID0036339440,
	doi = {10.1046/j.1365-2656.2002.00622.x},
	url = {https://doi.org/10.1046%2Fj.1365-2656.2002.00622.x},
	year = 2002,
	month = {jul},
	publisher = {Wiley-Blackwell},
	volume = {71},
	number = {4},
	pages = {569-580},
	author = {Atle Mysterud and Rolf Langvatn and Nigel G. Yoccoz and Nils CHR. Stenseth},
	title = {Large-scale habitat variability, delayed density effects and red deer populations in Norway},
	journal = {Journal of Animal Ecology}
}