@article{ID0037195013,
	doi = {10.1098/rstb.2002.1123},
	url = {https://doi.org/10.1098%2Frstb.2002.1123},
	year = 2002,
	month = {sep},
	publisher = {The Royal Society},
	volume = {357},
	number = {1425},
	pages = {1221-1231},
	author = {A. R. E. Sinclair and C. J. Krebs},
	title = {Complex numerical responses to top-down and bottom-up processes in vertebrate populations},
	journal = {Philosophical Transactions of the Royal Society B: Biological Sciences}
}