@article{ID0024915174,
	doi = {10.1016/0006-3207(89)90113-4},
	url = {https://doi.org/10.1016%2F0006-3207%2889%2990113-4},
	year = 1989,
	publisher = {Elsevier {BV}},
	volume = {49},
	number = {1},
	pages = {67-81},
	author = {P{\'{a}}ll Hersteinsson and Anders Angerbj√∂rn and Karl Frafjord and Asko Kaikusalo},
	title = {The arctic fox in fennoscandia and Iceland: Management problems},
	journal = {Biological Conservation}
}