@article{ID0034066499,
	doi = {10.1046/j.1365-294x.2000.00853.x},
	url = {https://doi.org/10.1046%2Fj.1365-294x.2000.00853.x},
	year = 2000,
	month = {mar},
	publisher = {Wiley-Blackwell},
	volume = {9},
	number = {3},
	pages = {329-337},
	author = {D. Ehrich and V. B. Fedorov and N. C. Stenseth and C. J. Krebs and A. Kenney},
	title = {Phylogeography and mitochondrial DNA (mtDNA) diversity in North American collared lemmings (Dicrostonyx groenlandicus)},
	journal = {Molecular Ecology}
}