@article{ID0034658245,
	doi = {10.1016/s0301-4622(00)00132-0},
	url = {https://doi.org/10.1016%2Fs0301-4622%2800%2900132-0},
	year = 2000,
	month = {may},
	publisher = {Elsevier {BV}},
	volume = {84},
	number = {3},
	pages = {253-260},
	author = {Massimo Pomponi and Claudia Bertonati and Eva Fuglei and {\O}ystein Wiig and Andrew E Derocher},
	title = {2,3-DPG-Hb complex: A hypothesis for an asymmetric binding},
	journal = {Biophysical Chemistry}
}