@article{ID0025624003,
	doi = {10.1111/j.1751-8369.1990.tb00390.x},
	url = {https://doi.org/10.1111%2Fj.1751-8369.1990.tb00390.x},
	year = 1990,
	month = {dec},
	publisher = {Informa {UK} Limited},
	volume = {8},
	number = {2},
	pages = {283-290},
	author = {KARL FREDGA and MAARIT JAAROLA and ROLF ANKER IMS and HARALD STEEN and NIGEL G. YOCCOZ},
	title = {The 'common vole' in Svalbard identified as Microtus epiroticus by chromosome analysis},
	journal = {Polar Research}
}