@article{ID0037438908,
	doi = {10.1016/s0304-3800(02)00292-2},
	url = {https://doi.org/10.1016%2Fs0304-3800%2802%2900292-2},
	year = 2003,
	month = {jan},
	publisher = {Elsevier {BV}},
	volume = {159},
	number = {2-3},
	pages = {133-143},
	author = {Evan G. Cooch and Gilles Gauthier and Robert F. Rockwell},
	title = {Apparent differences in stochastic growth rates based on timing of census: A cautionary note},
	journal = {Ecological Modelling}
}