@article{ID0022847706,
	doi = {10.1111/j.1600-0587.1986.tb01224.x},
	url = {https://doi.org/10.1111%2Fj.1600-0587.1986.tb01224.x},
	year = 1986,
	month = {dec},
	publisher = {Wiley-Blackwell},
	volume = {9},
	number = {4},
	pages = {305-311},
	author = {Bent Lorenzen and Jesper Madsen},
	title = {Feeding by geese on the Fils√∏ Farmland, Denmark, and the effect of grazing on yield structure of spring barley},
	journal = {Ecography}
}