@article{ID0037096045,
	doi = {10.1002/jez.10113},
	url = {https://doi.org/10.1002%2Fjez.10113},
	year = 2002,
	month = {may},
	publisher = {Wiley-Blackwell},
	volume = {293},
	number = {1},
	pages = {81-88},
	author = {JEROEN RENEERKENS and THEUNIS PIERSMA and MARILYN RAMENOFSKY},
	title = {An experimental test of the relationship between temporal variability of feeding opportunities and baseline levels of corticosterone in a shorebird},
	journal = {Journal of Experimental Zoology}
}