@article{ID0036691725,
	doi = {10.1046/j.1365-2699.2002.00751.x},
	url = {https://doi.org/10.1046%2Fj.1365-2699.2002.00751.x},
	year = 2002,
	month = {aug},
	publisher = {Wiley-Blackwell},
	volume = {29},
	number = {8},
	pages = {1089-1094},
	author = {Paul A. Smith and James A. Schaefer and Brent. R. Patterson},
	title = {Variation at high latitudes: The geography of body size and cranial morphology of the muskox, Ovibos moschatus},
	journal = {Journal of Biogeography}
}