@article{ID0032493614,
	doi = {10.1006/jtbi.1998.0717},
	url = {https://doi.org/10.1006%2Fjtbi.1998.0717},
	year = 1998,
	month = {aug},
	publisher = {Elsevier {BV}},
	volume = {193},
	number = {3},
	pages = {485-495},
	author = {Robert D. Holt and Michael E. Hochberg},
	title = {The coexistence of competing parasites. Part II - Hyperparasitism and food chain dynamics},
	journal = {Journal of Theoretical Biology}
}