@article{ID0025591346,
	doi = {10.1086/285109},
	url = {https://doi.org/10.1086%2F285109},
	year = 1990,
	month = {oct},
	publisher = {University of Chicago Press},
	volume = {136},
	number = {4},
	pages = {485-498},
	author = {Rolf Anker Ims},
	title = {On the adaptive value of reproductive synchrony as a predator- swamping strategy},
	journal = {The American Naturalist}
}