@article{ID0023529109,
	doi = {10.1111/j.1474-919x.1987.tb03157.x},
	url = {https://doi.org/10.1111%2Fj.1474-919x.1987.tb03157.x},
	year = 2008,
	month = {apr},
	publisher = {Wiley-Blackwell},
	volume = {129},
	number = {1},
	pages = {25-44},
	author = {JESPER MADSEN and CHRISTIAN EBBE MORTENSEN},
	title = {Habitat exploitation and interspecific competition of moulting geese in East Greenland},
	journal = {Ibis}
}