@article{ID0034511187,
	doi = {10.1146/annurev.ecolsys.31.1.367},
	url = {https://doi.org/10.1146%2Fannurev.ecolsys.31.1.367},
	year = 2000,
	month = {nov},
	publisher = {Annual Reviews},
	volume = {31},
	number = {1},
	pages = {367-393},
	author = {J.-M. Gaillard and M. Festa-Bianchet and N. G. Yoccoz and A. Loison and C. To√Øgo},
	title = {Temporal variation in fitness components and population dynamics of large herbivores},
	journal = {Annual Review of Ecology and Systematics}
}