@article{ID0027079496,
	doi = {10.1086/285453},
	url = {https://doi.org/10.1086%2F285453},
	year = 1992,
	month = {dec},
	publisher = {University of Chicago Press},
	volume = {140},
	number = {6},
	pages = {1010-1027},
	author = {Mark A. McPeek and Robert D. Holt},
	title = {The evolution of dispersal in spatially and temporally varying environments},
	journal = {The American Naturalist}
}