@article{ID0028978122,
	doi = {10.1071/zo9950293},
	url = {https://doi.org/10.1071%2Fzo9950293},
	year = 1995,
	publisher = {{CSIRO} Publishing},
	volume = {43},
	number = {3},
	pages = {293},
	author = {CJ Krebs and AJ Kenney and GR Singleton},
	title = {Movements of feral house mice in agricultural landscapes},
	journal = {Australian Journal of Zoology}
}