@article{ID0022845480,
	doi = {10.1111/j.1600-0587.1986.tb01198.x},
	url = {https://doi.org/10.1111%2Fj.1600-0587.1986.tb01198.x},
	year = 1986,
	month = {may},
	publisher = {Wiley-Blackwell},
	volume = {9},
	number = {2},
	pages = {109-112},
	author = {Soren Bondrup-Nielsen and Rolf Anker Ims},
	title = {Reproduction and spacing behaviour of females in a peak density population of Clethrionomys glareolus},
	journal = {Ecography}
}