@article{ID0026266805,
	doi = {10.1086/285140},
	url = {https://doi.org/10.1086%2F285140},
	year = 1991,
	month = {jun},
	publisher = {University of Chicago Press},
	volume = {137},
	pages = {S67-S90},
	author = {John Jaenike and Robert D. Holt},
	title = {Genetic variation for habitat preference: evidence and explanations},
	journal = {The American Naturalist},
	number = {Suppl.}
}