@article{ID0028165752,
	doi = {10.1111/j.1600-0587.1994.tb00112.x},
	url = {https://doi.org/10.1111%2Fj.1600-0587.1994.tb00112.x},
	year = 1994,
	month = {dec},
	publisher = {Wiley-Blackwell},
	volume = {17},
	number = {4},
	pages = {349-359},
	author = {Karine Hertzberg and Hans Petter Leinaas and Rolf Anker Ims},
	title = {Patterns of abundance and demography: Collembola in a habitat patch gradient},
	journal = {Ecography}
}