@article{ID0032767903,
	doi = {10.1017/s0266467499000875},
	url = {https://doi.org/10.1017%2Fs0266467499000875},
	year = 1999,
	month = {may},
	publisher = {Cambridge University Press ({CUP})},
	volume = {15},
	number = {3},
	pages = {355-366},
	author = {J.-C. Svenning},
	title = {Recruitment of tall arborescent palms in the Yasuni National Park, Amazonian Ecuador: Are large treefall gaps important?},
	journal = {Journal of Tropical Ecology}
}