@article{ID0038209141,
	doi = {10.1016/s0018-506x(03)00030-8},
	url = {https://doi.org/10.1016%2Fs0018-506x%2803%2900030-8},
	year = 2003,
	month = {apr},
	publisher = {Elsevier {BV}},
	volume = {43},
	number = {4},
	pages = {489-502},
	author = {Richard B. Lanctot and Scott A. Hatch and Verena A. Gill and Marcel Eens},
	title = {Are corticosterone levels a good indicator of food availability and reproductive performance in a kittiwake colony?},
	journal = {Hormones and Behavior}
}