@article{ID0031852291,
	doi = {10.1017/s0952836998007043},
	url = {https://doi.org/10.1017%2Fs0952836998007043},
	year = 1998,
	month = {jul},
	publisher = {Wiley-Blackwell},
	volume = {245},
	number = {3},
	pages = {271-278},
	author = {C. Portier and M. Festa-Bianchet and J.-M. Gaillard and J. T. Jorgenson and N. G. Yoccoz},
	title = {Effects of density and weather on survival of bighorn sheep lambs (Ovis canadensis)},
	journal = {Journal of Zoology}
}