@article{ID0037533812,
	doi = {10.1016/s0018-506x(03)00033-3},
	url = {https://doi.org/10.1016%2Fs0018-506x%2803%2900033-3},
	year = 2003,
	month = {apr},
	publisher = {Elsevier {BV}},
	volume = {43},
	number = {4},
	pages = {480-488},
	author = {Oliver P Love and David M Bird and Laird J Shutt},
	title = {Plasma corticosterone in American kestrel siblings: Effects of age, hatching order, and hatching asynchrony},
	journal = {Hormones and Behavior}
}