@article{ID0022212438,
	doi = {10.1016/0006-3207(85)90004-7},
	url = {https://doi.org/10.1016%2F0006-3207%2885%2990004-7},
	year = 1985,
	publisher = {Elsevier {BV}},
	volume = {33},
	number = {1},
	pages = {53-63},
	author = {Jesper Madsen},
	title = {Impact of disturbance on field utilization of pink-footed geese in West Jutland, Denmark},
	journal = {Biological Conservation}
}