@article{ID0034917805,
	doi = {10.1080/00063650109461206},
	url = {https://doi.org/10.1080%2F00063650109461206},
	year = 2001,
	month = {mar},
	publisher = {Informa {UK} Limited},
	volume = {48},
	number = {1},
	pages = {90-101},
	author = {B. Ganter and J. Madsen},
	title = {An examination of methods to estimate population size in wintering geese},
	journal = {Bird Study}
}