@article{ID0043130217,
	doi = {10.1046/j.1461-0248.2003.00483.x},
	url = {https://doi.org/10.1046%2Fj.1461-0248.2003.00483.x},
	year = 2003,
	month = {aug},
	publisher = {Wiley-Blackwell},
	volume = {6},
	number = {8},
	pages = {673-679},
	author = {Michel Loreau and Nicolas Mouquet and Robert D. Holt},
	title = {Meta-ecosystems: A theoretical framework for a spatial ecosystem ecology},
	journal = {Ecology Letters}
}