@article{ID0041627374,
	doi = {10.1046/j.1461-0248.2003.00502.x},
	url = {https://doi.org/10.1046%2Fj.1461-0248.2003.00502.x},
	year = 2003,
	month = {aug},
	publisher = {Wiley-Blackwell},
	volume = {6},
	number = {8},
	pages = {774-782},
	author = {A. Townsend Peterson and Robert D. Holt},
	title = {Niche differentiation in Mexican birds: Using point occurrences to detect ecological innovation},
	journal = {Ecology Letters}
}