@article{ID0025664106,
	doi = {10.1007/bf02270715},
	url = {https://doi.org/10.1007%2Fbf02270715},
	year = 1990,
	month = {jan},
	publisher = {Springer Nature},
	volume = {4},
	number = {1},
	pages = {57-61},
	author = {Rolf Anker Ims},
	title = {Mate detection success of male Clethrionomys rufocanus in relation to the spatial distribution of sexually receptive females},
	journal = {Evolutionary Ecology}
}