@article{ID0000868943,
	doi = {10.1007/bf00377080},
	url = {https://doi.org/10.1007%2Fbf00377080},
	year = 1989,
	month = {nov},
	publisher = {Springer Nature},
	volume = {81},
	number = {3},
	pages = {335-340},
	author = {Anders Angerbj√∂rn},
	title = {Mountain hare populations on islands: effects of predation by red fox},
	journal = {Oecologia}
}