@article{ID0036698883,
	doi = {10.1007/s101440200013},
	url = {https://doi.org/10.1007%2Fs101440200013},
	year = 2002,
	month = {aug},
	publisher = {Springer Nature},
	volume = {44},
	number = {2},
	pages = {113-120},
	author = {M. C. Forchhammer and E. Post and N. C. Stenseth and D. M. Boertmann},
	title = {Long-term responses in arctic ungulate dynamics to changes in climatic and trophic processes},
	journal = {Population Ecology}
}