@article{ID0035030420,
	doi = {10.1007/s002650100365},
	url = {https://doi.org/10.1007%2Fs002650100365},
	year = 2001,
	month = {may},
	publisher = {Springer Nature},
	volume = {49},
	number = {6},
	pages = {521-521},
	author = {Lo√Øc Bollache and G{\'{e}}rard Gambade and Frank C{\'{e}}zilly},
	title = {Erratum: The effects of two acanthocephalan parasites, Pomphorhynchus laevis and Polymorphus minutus, on pairing success in male Gammarus pulex (Crustacea: Amphipoda) (Behavioral Ecology and Sociobiology (200) 4a (296-303))},
	journal = {Behavioral Ecology and Sociobiology}
}