@article{ID0031715156,
	doi = {10.1046/j.1365-2664.1998.00314.x},
	url = {https://doi.org/10.1046%2Fj.1365-2664.1998.00314.x},
	year = 1998,
	month = {jun},
	publisher = {Wiley-Blackwell},
	volume = {35},
	number = {3},
	pages = {386-397},
	author = {Jesper Madsen},
	title = {Experimental refuges for migratory waterfowl in Danish wetlands. I. Baseline assessment of the disturbance effects of recreational activities},
	journal = {Journal of Applied Ecology}
}