@article{ID0036728428,
	doi = {10.1086/341519},
	url = {https://doi.org/10.1086%2F341519},
	year = 2002,
	month = {sep},
	publisher = {University of Chicago Press},
	volume = {160},
	number = {3},
	pages = {333-347},
	author = {Tadeusz J. Kawecki and Robert D. Holt},
	title = {Evolutionary consequences of asymmetric dispersal rates},
	journal = {The American Naturalist}
}