@article{ID0012746044,
	doi = {10.1644/brg-029},
	url = {https://doi.org/10.1644%2Fbrg-029},
	year = 2003,
	month = {aug},
	publisher = {Oxford University Press ({OUP})},
	volume = {84},
	number = {3},
	pages = {1100-1111},
	author = {Cole Burton and Charles J. Krebs},
	title = {Influence of relatedness on snowshoe hare spacing behavior},
	journal = {Journal of Mammalogy}
}