@article{ID0022985909,
	doi = {10.1111/j.1601-5223.1986.tb00657.x},
	url = {https://doi.org/10.1111%2Fj.1601-5223.1986.tb00657.x},
	year = 2008,
	month = {feb},
	publisher = {Springer Nature},
	volume = {105},
	number = {1},
	pages = {169-170},
	author = {KARL FREDGA and ROLF ANKER IMS and S{\O}REN BONDRUP-NIELSEN and RICKARD FREDRIKSSON},
	title = {Centric fission in Microtus oeconomus. A new locality in south east Norway.},
	journal = {Hereditas}
}