@article{ID0035823749,
	doi = {10.1098/rspb.2001.1735},
	url = {https://doi.org/10.1098%2Frspb.2001.1735},
	year = 2001,
	month = {oct},
	publisher = {The Royal Society},
	volume = {268},
	number = {1480},
	pages = {2053-2064},
	author = {M. Lima and N. C. Stenseth and N. G. Yoccoz and F. M. Jaksic},
	title = {Demography and population dynamics of the mouse opossum (Thylamys elegans) in semi-arid Chile: Seasonality, feedback structure and climate},
	journal = {Proceedings of the Royal Society B: Biological Sciences}
}