@article{ID0031890663,
	doi = {10.1038/34166},
	url = {https://doi.org/10.1038%2F34166},
	year = 1998,
	month = {jan},
	publisher = {Springer Nature},
	volume = {391},
	number = {6662},
	pages = {72-76},
	author = {J. H. Lawton and D. E. Bignell and B. Bolton and G. F. Bloemers and P. Eggleton and P. M. Hammond and M. Hodda and R. D. Holt and T. B. Larsen and N. A. Mawdsley and N. E. Stork and D. S. Srivastava and A. D. Watt},
	title = {Biodiversity inventories, indicator taxa and effects of habitat modification in tropical forest},
	journal = {Nature}
}