@article{ID0035153833,
	doi = {10.1007/s003000000188},
	url = {https://doi.org/10.1007%2Fs003000000188},
	year = 2001,
	month = {jan},
	publisher = {Springer Nature},
	volume = {24},
	number = {2},
	pages = {132-138},
	author = {Christian Nellemann and Pï¿½l Prestrud and Nina E. Eide},
	title = {Terrain structure and selection of denning areas by arctic foxes on Svalbard},
	journal = {Polar Biology}
}