@article{ID0035809656,
	doi = {10.1016/s0375-9601(01)00069-x},
	url = {https://doi.org/10.1016%2Fs0375-9601%2801%2900069-x},
	year = 2001,
	month = {mar},
	publisher = {Elsevier {BV}},
	volume = {280},
	number = {5-6},
	pages = {297-302},
	author = {Mukeshwar Dhamala and Ying-Cheng Lai and Robert D Holt},
	title = {How often are chaotic transients in spatially extended ecological systems?},
	journal = {Physics Letters A}
}