@article{ID0034210269,
	doi = {10.1017/s0952836900006014},
	url = {https://doi.org/10.1017%2Fs0952836900006014},
	year = 2000,
	month = {jun},
	publisher = {Wiley-Blackwell},
	volume = {251},
	number = {2},
	pages = {139-149},
	author = {Bodil Elmhagen and Magnus Tannerfeldt and Paolo Verucci and Anders Angerbj√∂rn},
	title = {The arctic fox (Alopex lagopus): An opportunistic specialist},
	journal = {Journal of Zoology}
}