@article{ID0027331063,
	doi = {10.1086/285561},
	url = {https://doi.org/10.1086%2F285561},
	year = 1993,
	month = {oct},
	publisher = {University of Chicago Press},
	volume = {142},
	number = {4},
	pages = {623-645},
	author = {Robert D. Holt and John H. Lawton},
	title = {Apparent competition and enemy-free space in insect host-parasitoid communities},
	journal = {The American Naturalist}
}