@article{ID0042763690,
	doi = {10.1017/s0025315403008002h},
	url = {https://doi.org/10.1017%2Fs0025315403008002h},
	year = 2003,
	month = {aug},
	publisher = {Cambridge University Press ({CUP})},
	volume = {83},
	number = {4},
	pages = {889-896},
	author = {Marie-Jos Naud and Bernard Long and Jean-Claude Brthes and Richard Sears},
	title = {Influences of underwater bottom topography and geomorphology on minke whale (Balaenoptera acutorostrata) distribution in the Mingan Islands (Canada)},
	journal = {Journal of the Marine Biological Association of the {UK}}
}