@article{ID0033578491,
	doi = {10.1016/s0022-0981(99)00082-9},
	url = {https://doi.org/10.1016%2Fs0022-0981%2899%2900082-9},
	year = 1999,
	month = {aug},
	publisher = {Elsevier {BV}},
	volume = {241},
	number = {2},
	pages = {310-333},
	author = {Philippe Archambault and Edwin Bourget},
	title = {Erratum: Influence of shoreline configuration on spatial variation of meroplanktonic larvae, recruitment and diversity of benthic subtidal communities (Journal of Experimental Marine Biology and Ecology (1999) 238:2 (161-184) PII: S0022098198001464)},
	journal = {Journal of Experimental Marine Biology and Ecology}
}