@article{ID0037079018,
	doi = {10.1038/nature01064},
	url = {https://doi.org/10.1038%2Fnature01064},
	year = 2002,
	month = {nov},
	publisher = {Springer Nature},
	volume = {420},
	number = {6912},
	pages = {168-171},
	author = {Eric Post and Mads C. Forchhammer},
	title = {Synchronization of animal population dynamics by large-scale climate},
	journal = {Nature}
}