@article{ID0024249831,
	doi = {10.1111/j.1751-8369.1988.tb00598.x},
	url = {https://doi.org/10.1111%2Fj.1751-8369.1988.tb00598.x},
	year = 1988,
	month = {dec},
	publisher = {Informa {UK} Limited},
	volume = {6},
	number = {2},
	pages = {195-203},
	author = {CHRISTIAN KEMPF and BENOIT SITTLER},
	title = {Census of breeding seabirds on the northwest coast of Svalbard 1973 and 1978},
	journal = {Polar Research}
}