@article{ID0027091746,
	doi = {10.1016/0040-5809(92)90034-q},
	url = {https://doi.org/10.1016%2F0040-5809%2892%2990034-q},
	year = 1992,
	month = {jun},
	publisher = {Elsevier {BV}},
	volume = {41},
	number = {3},
	pages = {354-371},
	author = {Robert D. Holt},
	title = {A neglected facet of island biogeography: The role of internal spatial dynamics in area effects},
	journal = {Theoretical Population Biology}
}