@article{ID0035043421,
	doi = {10.1046/j.1365-294x.2001.01235.x},
	url = {https://doi.org/10.1046%2Fj.1365-294x.2001.01235.x},
	year = 2001,
	month = {apr},
	publisher = {Wiley-Blackwell},
	volume = {10},
	number = {4},
	pages = {823-837},
	author = {Tomas Roslin},
	title = {Spatial population structure in a patchily distributed beetle},
	journal = {Molecular Ecology}
}