@article{ID0034114532,
	doi = {10.1071/bt98048},
	url = {https://doi.org/10.1071%2Fbt98048},
	year = 2000,
	publisher = {{CSIRO} Publishing},
	volume = {48},
	number = {2},
	pages = {167},
	author = {Jens-Christian Svenning},
	journal = {Australian Journal of Botany},
	title = {Growth strategies of clonal palms (Arecaceae) in a neotropical rainforest, Yasuni, Ecuador}
}