@article{ID0038607576,
	doi = {10.1016/s0378-1127(02)00646-1},
	url = {https://doi.org/10.1016%2Fs0378-1127%2802%2900646-1},
	year = 2003,
	month = {jul},
	publisher = {Elsevier {BV}},
	volume = {180},
	number = {1-3},
	pages = {583-593},
	author = {Flemming Skov and Jens-Christian Svenning},
	title = {Predicting plant species richness in a managed forest},
	journal = {Forest Ecology and Management}
}