@article{ID0028163952,
	doi = {10.1086/285705},
	url = {https://doi.org/10.1086%2F285705},
	year = 1994,
	month = {nov},
	publisher = {University of Chicago Press},
	volume = {144},
	number = {5},
	pages = {741-771},
	author = {Robert D. Holt and James Grover and David Tilman},
	title = {Simple rules for interspecific dominance in systems with exploitative and apparent competition},
	journal = {The American Naturalist}
}