@article{ID0027387431,
	doi = {10.1086/285465},
	url = {https://doi.org/10.1086%2F285465},
	year = 1993,
	month = {jan},
	publisher = {University of Chicago Press},
	volume = {141},
	number = {1},
	pages = {139-157},
	author = {Nigel G. Yoccoz and Steinar Engen},
	title = {Optimal foraging: the importance of environmental stochasticity and accuracy in parameter estimation},
	journal = {The American Naturalist}
}