@article{ID0033150733,
	doi = {10.1006/tpbi.1998.1405},
	url = {https://doi.org/10.1006%2Ftpbi.1998.1405},
	year = 1999,
	month = {jun},
	publisher = {Elsevier {BV}},
	volume = {55},
	number = {3},
	pages = {283-296},
	author = {Richard Gomulkiewicz and Robert D. Holt and Michael Barfield},
	title = {The effects of density dependence and immigration on local adaptation and niche evolution in a black-hole sink environment},
	journal = {Theoretical Population Biology}
}