@article{ID0027333276,
	doi = {10.1111/j.1600-0587.1993.tb00219.x},
	url = {https://doi.org/10.1111%2Fj.1600-0587.1993.tb00219.x},
	year = 1993,
	month = {oct},
	publisher = {Wiley-Blackwell},
	volume = {16},
	number = {4},
	pages = {299-308},
	author = {Mads Forchhammer and David Boertmann},
	title = {The muskoxen Ovibos moschatus in north and northeast Greenland: population trends and the influence of abiotic parameters on population dynamics},
	journal = {Ecography}
}