@article{ID0033197737,
	doi = {10.1086/316694},
	url = {https://doi.org/10.1086%2F316694},
	year = 1999,
	month = {sep},
	publisher = {University of Chicago Press},
	volume = {72},
	number = {5},
	pages = {545-554},
	author = {Dominique Berteaux and Don Thomas},
	title = {Seasonal and interindividual variation in field water metabolism of female meadow voles Microtus pennsylvanicus},
	journal = {Physiological and Biochemical Zoology}
}