@article{ID0035081396,
	doi = {10.1007/s002650000300},
	url = {https://doi.org/10.1007%2Fs002650000300},
	year = 2000,
	month = {dec},
	publisher = {Springer Nature},
	volume = {49},
	number = {4},
	pages = {296-303},
	author = {Lo√Øc Bollache and G{\'{e}}rard Gambade and Frank C{\'{e}}zilly},
	title = {The effects of two acanthocephalan parasites, Pomphorhynchus laevis and Polymorphus minutus, on pairing success in male Gammarus pulex (Crustacea: Amphipoda)},
	journal = {Behavioral Ecology and Sociobiology}
}