@article{ID0028831758,
	doi = {10.1007/bf00328629},
	url = {https://doi.org/10.1007%2Fbf00328629},
	year = 1995,
	publisher = {Springer Nature},
	volume = {103},
	number = {3},
	pages = {390-392},
	author = {Gilles Gauthier and R. John Hughes},
	title = {The palatability of Arctic willow for greater snow geese: the role of nutrients and deterring factors},
	journal = {Oecologia}
}