@article{ID0033954847,
	doi = {10.1016/s0048-9697(99)00441-6},
	url = {https://doi.org/10.1016%2Fs0048-9697%2899%2900441-6},
	year = 2000,
	month = {jan},
	publisher = {Elsevier {BV}},
	volume = {245},
	number = {1-3},
	pages = {161-172},
	author = {F RIGET and G ASMUND and P AASTRUP},
	title = {Mercury in Arctic char (Salvelinus alpinus) populations from Greenland},
	journal = {The Science of The Total Environment}
}