@article{ID0036194541,
	doi = {10.1046/j.0021-8790.2001.00581.x},
	url = {https://doi.org/10.1046%2Fj.0021-8790.2001.00581.x},
	year = 2002,
	month = {jan},
	publisher = {Wiley-Blackwell},
	volume = {71},
	number = {1},
	pages = {88-98},
	author = {Joel Bety and Gilles Gauthier and Erkki Korpimaki and Jean-Francois Giroux},
	title = {Shared predators and indirect trophic interactions: Lemming cycles and arctic-nesting geese},
	journal = {Journal of Animal Ecology}
}