@article{ID0035214310,
	doi = {10.1046/j.0021-8790.2001.00559.x},
	url = {https://doi.org/10.1046%2Fj.0021-8790.2001.00559.x},
	year = 2001,
	month = {nov},
	publisher = {Wiley-Blackwell},
	volume = {70},
	number = {6},
	pages = {915-923},
	author = {Atle Mysterud and Rolf Langvatn and Nigel G. Yoccoz and Nils Chr. Stenseth},
	title = {Plant phenology, migration and geographical variation in body weight of a large herbivore: The effect of a variable topography},
	journal = {Journal of Animal Ecology}
}