@article{ID0037284358,
	doi = {10.1046/j.1365-2656.2003.00675.x},
	url = {https://doi.org/10.1046%2Fj.1365-2656.2003.00675.x},
	year = 2003,
	month = {jan},
	publisher = {Wiley-Blackwell},
	volume = {72},
	number = {1},
	pages = {1-13},
	author = {Frank Sauvage and Michel Langlais and Nigel G. Yoccoz and Dominique Pontier},
	title = {Modelling hantavirus in fluctuating populations of bank voles: The role of indirect transmission on virus persistence},
	journal = {Journal of Animal Ecology}
}