@article{ID0027084057,
	doi = {10.1016/0169-5347(92)90208-s},
	url = {https://doi.org/10.1016%2F0169-5347%2892%2990208-s},
	year = 1992,
	month = {may},
	publisher = {Elsevier {BV}},
	volume = {7},
	number = {5},
	pages = {151-154},
	author = {Gary A. Polis and Robert D. Holt},
	title = {Intraguild predation: The dynamics of complex trophic interactions},
	journal = {Trends in Ecology {\&} Evolution}
}