@article{ID0036123353,
	doi = {10.1046/j.1461-0248.2002.00320.x},
	url = {https://doi.org/10.1046%2Fj.1461-0248.2002.00320.x},
	year = 2002,
	month = {mar},
	publisher = {Wiley-Blackwell},
	volume = {5},
	number = {2},
	pages = {294-301},
	author = {Gry Gundersen and Harry P. Andreassen and Rolf A. Ims},
	title = {Individual and population level determinants of immigration success on local habitat patches: An experimental approach},
	journal = {Ecology Letters}
}