@article{ID0038013360,
	doi = {10.1016/0016-7185(76)90003-8},
	url = {https://doi.org/10.1016%2F0016-7185%2876%2990003-8},
	year = 1976,
	month = {jan},
	publisher = {Elsevier {BV}},
	volume = {7},
	number = {2},
	pages = {89-98},
	author = {M. I. Lvovitch and A. A. Sokolov},
	title = {Anthropogenic changes in the hydrosphere},
	journal = {Geoforum}
}