@article{ID0015581325,
	doi = {10.1038/hdy.1973.6},
	url = {https://doi.org/10.1038%2Fhdy.1973.6},
	year = 1973,
	month = {feb},
	publisher = {Springer Nature},
	volume = {30},
	number = {1},
	pages = {53-62},
	author = {Robert H Tamarin and Charles J Krebs},
	title = {Selection at the transferrin locus in cropped vole populations},
	journal = {Heredity}
}