@article{ID0036957722,
	doi = {10.1034/j.1600-0706.2002.11989.x},
	url = {https://doi.org/10.1034%2Fj.1600-0706.2002.11989.x},
	year = 2002,
	month = {dec},
	publisher = {Wiley-Blackwell},
	volume = {99},
	number = {3},
	pages = {499-510},
	author = {Olivier Gilg},
	title = {The summer decline of the collared lemming, Dicrostonyx groenlandicus, in high arctic Greenland},
	journal = {Oikos}
}