@article{ID0036220525,
	doi = {10.1016/s0006-3207(01)00180-x},
	url = {https://doi.org/10.1016%2Fs0006-3207%2801%2900180-x},
	year = 2002,
	month = {jun},
	publisher = {Elsevier {BV}},
	volume = {105},
	number = {2},
	pages = {171-178},
	author = {Love Dal{\'{e}}n and Anders Götherström and Magnus Tannerfeldt and Anders Angerbjörn},
	title = {Is the endangered Fennoscandian arctic fox (Alopex lagopus) population genetically isolated?},
	journal = {Biological Conservation}
}