@article{ID0029432029,
	doi = {10.1007/bf00349133},
	url = {https://doi.org/10.1007%2Fbf00349133},
	year = 1995,
	month = {oct},
	publisher = {Springer Nature},
	volume = {123},
	number = {4},
	pages = {875-881},
	author = {D. Schmid and D. J. H. Grï¿½millet and B. M. Culik},
	title = {Energetics of underwater swimming in the great cormorant (Phalacrocorax carbo sinensis)},
	journal = {Marine Biology}
}