@article{ID0033679006,
	doi = {10.1016/s0020-7519(00)00138-7},
	url = {https://doi.org/10.1016%2Fs0020-7519%2800%2900138-7},
	year = 2000,
	month = {dec},
	publisher = {Elsevier {BV}},
	volume = {30},
	number = {14},
	pages = {1453-1457},
	author = {Alexandre Bauer and Sandrine Trouv{\'{e}} and Arnaud Gr{\'{e}}goire and Lo{\i}Ìˆc Bollache and Frank C{\'{e}}zilly},
	title = {Differential influence of Pomphorhynchus laevis (Acanthocephala) on the behaviour of native and invader gammarid species},
	journal = {International Journal for Parasitology}
}