@article{ID0025262824,
	doi = {10.1016/0169-5347(90)90218-3},
	url = {https://doi.org/10.1016%2F0169-5347%2890%2990218-3},
	year = 1990,
	month = {may},
	publisher = {Elsevier {BV}},
	volume = {5},
	number = {5},
	pages = {135-140},
	author = {Rolf Anker Ims},
	title = {The ecology and evolution of reproductive synchrony},
	journal = {Trends in Ecology {\&} Evolution}
}