@article{ID0032554668,
	doi = {10.1006/jtbi.1997.0562},
	url = {https://doi.org/10.1006%2Fjtbi.1997.0562},
	year = 1998,
	month = {apr},
	publisher = {Elsevier {BV}},
	volume = {191},
	number = {4},
	pages = {353-376},
	author = {James P. Grover and Robert D. Holt},
	title = {Disentangling resource and apparent competition: Realistic models for plant-herbivore communities},
	journal = {Journal of Theoretical Biology}
}