@article{ID0034000359,
	doi = {10.1016/s0306-4565(99)00028-5},
	url = {https://doi.org/10.1016%2Fs0306-4565%2899%2900028-5},
	year = 2000,
	month = {jun},
	publisher = {Elsevier {BV}},
	volume = {25},
	number = {3},
	pages = {227-238},
	author = {D. Fortin and J. Larochelle and G. Gauthier},
	title = {The effect of wind, radiation and body orientation on the thermal environment of Greater Snow goose goslings},
	journal = {Journal of Thermal Biology}
}