@article{ID0033200118,
	doi = {10.1007/s003600050232},
	url = {https://doi.org/10.1007%2Fs003600050232},
	year = 1999,
	month = {sep},
	publisher = {Springer Nature},
	volume = {169},
	number = {6},
	pages = {361-369},
	author = {E. Fuglei and N. A. {\O}ritsland},
	title = {Seasonal trends in body mass, food intake and resting metabolic rate, and induction of metabolic depression in arctic foxes (Alopex lagopus) at Svalbard},
	journal = {Journal of Comparative Physiology B: Biochemical, Systemic, and Environmental Physiology}
}