@article{ID0023529112,
	doi = {10.1111/j.1474-919x.1987.tb08242.x},
	url = {https://doi.org/10.1111%2Fj.1474-919x.1987.tb08242.x},
	year = 2008,
	month = {jun},
	publisher = {Wiley-Blackwell},
	volume = {129},
	pages = {541-552},
	author = {A. D. FOX and I. S. FRANCIS and J. MADSEN and J. M. STROUD},
	title = {The breeding biology of the Lapland Bunting Calcarius lapponicus in West Greenland during two contrasting years},
	journal = {Ibis}
}