@article{ID0000164152,
	doi = {10.1007/bf00540901},
	url = {https://doi.org/10.1007%2Fbf00540901},
	year = 1981,
	publisher = {Springer Nature},
	volume = {51},
	number = {3},
	pages = {326-331},
	author = {B. S. Gilbert and C. J. Krebs},
	title = {Effects of extra food on Peromyscus and Clethrionomys populations in the southern Yukon},
	journal = {Oecologia}
}