@article{ID0036743363,
	doi = {10.1046/j.1461-0248.2002.00366.x},
	url = {https://doi.org/10.1046%2Fj.1461-0248.2002.00366.x},
	year = 2002,
	month = {sep},
	publisher = {Wiley-Blackwell},
	volume = {5},
	number = {5},
	pages = {619-623},
	author = {William M. Cook and Kurt T Lane and Bryan L. Foster and Robert D. Holt},
	title = {Island theory, matrix effects and species richness patterns in habitat fragments},
	journal = {Ecology Letters}
}