@article{ID0025622213,
	doi = {10.1007/bf02214334},
	url = {https://doi.org/10.1007%2Fbf02214334},
	year = 1990,
	month = {jul},
	publisher = {Springer Nature},
	volume = {4},
	number = {3},
	pages = {261-272},
	author = {S{\o}ren Bondrup-Nielsen and Rolf Anker Ims},
	title = {Reversed sexual size dimorphism in microtines: Are females larger than males or are males smaller than females?},
	journal = {Evolutionary Ecology}
}