@article{ID0028981295,
	doi = {10.1007/bf00328582},
	url = {https://doi.org/10.1007%2Fbf00328582},
	year = 1995,
	month = {oct},
	publisher = {Springer Nature},
	volume = {104},
	number = {2},
	pages = {169-180},
	author = {Mads C. Forchhammer and Jacobus J. Boomsma},
	title = {Foraging strategies and seasonal diet optimization of muskoxen in West Greenland},
	journal = {Oecologia}
}