@article{ID0036488438,
	doi = {10.1034/j.1600-0587.2002.250109.x},
	url = {https://doi.org/10.1034%2Fj.1600-0587.2002.250109.x},
	year = 2002,
	month = {feb},
	publisher = {Wiley-Blackwell},
	volume = {25},
	number = {1},
	pages = {81-87},
	author = {Karl-Birger Strann and Nigel G. Yoccoz and Rolf A. Ims},
	title = {Is the heart of Fennoscandian rodent cycle still beating? A 14-year study of small mammals and Tengmalm's owls in northern Norway},
	journal = {Ecography}
}