@article{ID0035119865,
	doi = {10.1139/cjz-79-1-1},
	url = {https://doi.org/10.1139%2Fcjz-79-1-1},
	year = 2001,
	publisher = {Canadian Science Publishing},
	volume = {79},
	number = {1},
	pages = {1-4},
	author = {Charles J. Krebs and Rudy Boonstra and Vilis Nams and Mark O{\textquotesingle}Donoghue and Karen E. Hodges and Stan Boutin},
	title = {Estimating snowshoe hare population density from pellet plots: A further evaluation},
	journal = {Canadian Journal of Zoology}
}