@article{ID0035010935,
	doi = {10.1046/j.1365-2656.2001.00510.x},
	url = {https://doi.org/10.1046%2Fj.1365-2656.2001.00510.x},
	year = 2001,
	month = {may},
	publisher = {Wiley-Blackwell},
	volume = {70},
	number = {3},
	pages = {515-526},
	author = {Michael Clinchy and Charles J. Krebs and Peter J. Jarman},
	title = {Dispersal sinks and handling effects: Interpreting the role of immigration in common brushtail possum populations},
	journal = {Journal of Animal Ecology}
}