@article{ID0036090360,
	doi = {10.1139/z02-013},
	url = {https://doi.org/10.1139%2Fz02-013},
	year = 2002,
	month = {mar},
	publisher = {Canadian Science Publishing},
	volume = {80},
	number = {3},
	pages = {402-408},
	author = {Martin Arvisais and J-C Bourgeois and E L{\'{e}}vesque and C Daigle and D Masse and J Jutras},
	title = {Home range and movements of a wood turtle (Clemmys insculpta) population at the northern limit of its range},
	journal = {Canadian Journal of Zoology}
}