@article{ID0033983932,
	doi = {10.1016/s0048-9697(99)00439-8},
	url = {https://doi.org/10.1016%2Fs0048-9697%2899%2900439-8},
	year = 2000,
	month = {jan},
	publisher = {Elsevier {BV}},
	volume = {245},
	number = {1-3},
	pages = {137-148},
	author = {F RIGET and G ASMUND and P AASTRUP},
	title = {The use of lichen (Cetraria nivalis) and moss (Rhacomitrium lanuginosum) as monitors for atmospheric deposition in Greenland},
	journal = {The Science of The Total Environment}
}