@article{ID0036069431,
	doi = {10.1046/j.1474-919x.2002.00043.x},
	url = {https://doi.org/10.1046%2Fj.1474-919x.2002.00043.x},
	year = 2002,
	month = {apr},
	publisher = {Wiley-Blackwell},
	volume = {144},
	number = {2},
	pages = {268-283},
	author = {Verena A. Gill and Scott A. Hatch and Richard B. Lanctot},
	title = {Sensitivity of breeding parameters to food supply in Black-legged Kittiwakes Rissa tridactyla},
	journal = {Ibis}
}