@article{ID0033551144,
	doi = {10.1073/pnas.96.8.4467},
	url = {https://doi.org/10.1073%2Fpnas.96.8.4467},
	year = 1999,
	month = {apr},
	publisher = {Proceedings of the National Academy of Sciences},
	volume = {96},
	number = {8},
	pages = {4467-4471},
	author = {E. Post and R. Langvatn and M. C. Forchhammer and N. C. Stenseth},
	title = {Environmental variation shapes sexual dimorphism in red deer},
	journal = {Proceedings of the National Academy of Sciences}
}