@article{ID0036065023,
	doi = {10.1046/j.1474-919x.2002.00045.x},
	url = {https://doi.org/10.1046%2Fj.1474-919x.2002.00045.x},
	year = 2002,
	month = {apr},
	publisher = {Wiley-Blackwell},
	volume = {144},
	number = {2},
	pages = {218-226},
	author = {Jesper Madsen and Morten Frederiksen and Barbara Ganter},
	title = {Trends in annual and seasonal survival of Pink-footed Geese Anser brachyrhynchus},
	journal = {Ibis}
}