@article{ID0041569933,
	doi = {10.1139/z03-061},
	url = {https://doi.org/10.1139%2Fz03-061},
	year = 2003,
	month = {may},
	publisher = {Canadian Science Publishing},
	volume = {81},
	number = {5},
	pages = {827-843},
	author = {Charles J Krebs and Kjell Danell and Anders Angerbjörn and Jep Agrell and Dominique Berteaux and Kari Anne Br{\aa}then and Öje Danell and Sam Erlinge and Vadim Fedorov and Karl Fredga and Joakim Hjält{\'{e}}n and Göran Högstedt and Ingibjörg S J{\'{o}}nsd{\'{o}}ttir and Alice J Kenney and Nils Kjell{\'{e}}n and Torgny Nordin and Heikki Roininen and Mikael Svensson and Magnus Tannerfeldt and Christer Wiklund},
	title = {Terrestrial trophic dynamics in the Canadian Arctic},
	journal = {Canadian Journal of Zoology}
}