@article{ID0031916185,
	doi = {10.1016/s0169-5347(97)01237-8},
	url = {https://doi.org/10.1016%2Fs0169-5347%2897%2901237-8},
	year = 1998,
	month = {feb},
	publisher = {Elsevier {BV}},
	volume = {13},
	number = {2},
	pages = {58-63},
	author = {Jean-Michel Gaillard and Marco Festa-Bianchet and Nigel Gilles Yoccoz},
	title = {Population dynamics of large herbivores: Variable recruitment with constant adult survival},
	journal = {Trends in Ecology {\&} Evolution}
}