@article{ID0022190134,
	doi = {10.1007/bf00378311},
	url = {https://doi.org/10.1007%2Fbf00378311},
	year = 1985,
	month = {jun},
	publisher = {Springer Nature},
	volume = {66},
	number = {3},
	pages = {430-436},
	author = {Carlos Galindo and Charles J. Krebs},
	title = {Habitat use by singing voles and tundra voles in the southern Yukon},
	journal = {Oecologia}
}