@article{ID0033231663,
	doi = {10.1016/s0169-5347(99)01677-8},
	url = {https://doi.org/10.1016%2Fs0169-5347%2899%2901677-8},
	year = 1999,
	month = {nov},
	publisher = {Elsevier {BV}},
	volume = {14},
	number = {11},
	pages = {427-432},
	author = {Ottar N. Bj{\o}rnstad and Rolf A. Ims and Xavier Lambin},
	title = {Spatial population dynamics: Analyzing patterns and processes of population synchrony},
	journal = {Trends in Ecology {\&} Evolution}
}