@article{ID0034046631,
	doi = {10.1046/j.1365-2656.2000.00404.x},
	url = {https://doi.org/10.1046%2Fj.1365-2656.2000.00404.x},
	year = 2000,
	month = {may},
	publisher = {Wiley-Blackwell},
	volume = {69},
	number = {3},
	pages = {414-427},
	author = {Denis Lepage and Gilles Gauthier and Stephane Menu},
	title = {Reproductive consequences of egg-laying decisions in snow geese},
	journal = {Journal of Animal Ecology}
}