@article{ID0037102683,
	doi = {10.1016/s0378-1127(01)00699-5},
	url = {https://doi.org/10.1016%2Fs0378-1127%2801%2900699-5},
	year = 2002,
	month = {aug},
	publisher = {Elsevier {BV}},
	volume = {167},
	number = {1-3},
	pages = {251-262},
	author = {Jens-Christian Svenning and Manuel J Mac{\i}{\'}a},
	title = {Harvesting of Geonoma macrostachys Mart. leaves for thatch: An exploration of sustainability},
	journal = {Forest Ecology and Management}
}