@article{ID0020918556,
	doi = {10.1007/bf00388066},
	url = {https://doi.org/10.1007%2Fbf00388066},
	year = 1983,
	month = {aug},
	publisher = {Springer Nature},
	volume = {59},
	number = {1},
	pages = {7-17},
	author = {Graeme Caughley and Charles J. Krebs},
	title = {Are big mammals simply little mammals writ large?},
	journal = {Oecologia}
}