@article{ID0036523390,
	doi = {10.1007/s10021-001-0061-9},
	url = {https://doi.org/10.1007%2Fs10021-001-0061-9},
	year = 2002,
	month = {mar},
	publisher = {Springer Nature},
	volume = {5},
	number = {2},
	pages = {138-158},
	author = {Jennifer L. Ruesink and Karen E. Hodges and Charles J. Krebs},
	title = {Mass-balance analyses of boreal forest population cycles: Merging demographic and ecosystem approaches},
	journal = {Ecosystems}
}