@article{ID0035421152,
	doi = {10.1016/s0169-5347(01)02205-4},
	url = {https://doi.org/10.1016%2Fs0169-5347%2801%2902205-4},
	year = 2001,
	month = {aug},
	publisher = {Elsevier {BV}},
	volume = {16},
	number = {8},
	pages = {446-453},
	author = {Nigel G. Yoccoz and James D. Nichols and Thierry Boulinier},
	title = {Monitoring of biological diversity in space and time},
	journal = {Trends in Ecology {\&} Evolution}
}