@article{ID0005044132,
	doi = {10.1111/j.1469-7998.1986.tb01523.x},
	url = {https://doi.org/10.1111%2Fj.1469-7998.1986.tb01523.x},
	year = 2009,
	month = {aug},
	publisher = {Wiley-Blackwell},
	volume = {208},
	number = {4},
	pages = {559-568},
	author = {Anders Angerbj√ñrn},
	title = {Reproduction of Mountain hares (Lepus timidus) in relation to density and physical condition},
	journal = {Journal of Zoology}
}