@article{ID0036936346,
	doi = {10.1139/z02-108},
	url = {https://doi.org/10.1139%2Fz02-108},
	year = 2002,
	month = {jul},
	publisher = {Canadian Science Publishing},
	volume = {80},
	number = {7},
	pages = {1274-1285},
	author = {Bodil Elmhagen and Magnus Tannerfeldt and Anders Angerbj√∂rn},
	title = {Food-niche overlap between arctic and red foxes},
	journal = {Canadian Journal of Zoology}
}