@article{ID0037069396,
	doi = {10.1073/pnas.232589299},
	url = {https://doi.org/10.1073%2Fpnas.232589299},
	year = 2002,
	month = {nov},
	publisher = {Proceedings of the National Academy of Sciences},
	volume = {99},
	number = {23},
	pages = {14872-14877},
	author = {A. Gonzalez and R. D. Holt},
	title = {The inflationary effects of environmental fluctuations in source-sink systems},
	journal = {Proceedings of the National Academy of Sciences}
}