@article{ID0034070682,
	doi = {10.1086/303317},
	url = {https://doi.org/10.1086%2F303317},
	year = 2000,
	month = {feb},
	publisher = {University of Chicago Press},
	volume = {155},
	number = {2},
	pages = {252-265},
	author = {Jon Aars and Rolf A. Ims},
	title = {Population dynamic and genetic consequences of spatial density-dependent dispersal in patchy populations},
	journal = {The American Naturalist}
}