@article{ID0035947403,
	doi = {10.1126/science.1061765},
	url = {https://doi.org/10.1126%2Fscience.1061765},
	year = 2001,
	month = {may},
	publisher = {American Association for the Advancement of Science ({AAAS})},
	volume = {292},
	number = {5521},
	pages = {1499-1500},
	author = {J.-M. Gaillard},
	title = {Population ecology: Not all sheep are equal},
	journal = {Science}
}