@article{ID0032492166,
	doi = {10.1098/rspb.1998.0278},
	url = {https://doi.org/10.1098%2Frspb.1998.0278},
	year = 1998,
	month = {feb},
	publisher = {The Royal Society},
	volume = {265},
	number = {1392},
	pages = {167-173},
	author = {D. Pontier and E. Fromont and F. Courchamp and M. Artois and N. G. Yoccoz},
	title = {Retroviruses and sexual size dimorphism in domestic cats (Felis catus L.)},
	journal = {Proceedings of the Royal Society B: Biological Sciences}
}