@article{ID0030619988,
	doi = {10.1086/286018},
	url = {https://doi.org/10.1086%2F286018},
	year = 1997,
	month = {apr},
	publisher = {University of Chicago Press},
	volume = {149},
	number = {4},
	pages = {745-764},
	author = {Robert D. Holt and Gary A. Polis},
	title = {A theoretical framework for intraguild predation},
	journal = {The American Naturalist}
}