@article{ID0037569411,
	doi = {10.1034/j.1600-0706.2003.12056.x},
	url = {https://doi.org/10.1034%2Fj.1600-0706.2003.12056.x},
	year = 2003,
	month = {jan},
	publisher = {Wiley-Blackwell},
	volume = {100},
	number = {1},
	pages = {112-124},
	author = {Mette Mauritzen and Stanislav E. Belikov and Andrei N. Boltunov and Andrew E. Derocher and Edmond Hansen and Rolf A. Ims and Oystein Wiig and Nigel Yoccoz},
	title = {Functional responses in polar bear habitat selection},
	journal = {Oikos}
}