@article{ID0033955354,
	doi = {10.1016/s0048-9697(99)00442-8},
	url = {https://doi.org/10.1016%2Fs0048-9697%2899%2900442-8},
	year = 2000,
	month = {jan},
	publisher = {Elsevier {BV}},
	volume = {245},
	number = {1-3},
	pages = {173-185},
	author = {M CLEEMANN and F RIGET and G PAULSEN and J DEBOER and J KLUNGSOYR and P AASTRUP},
	title = {Organochlorines in Greenland lake sediments and landlocked Arctic char (Salvelinus alpinus)},
	journal = {The Science of The Total Environment}
}