@article{ID0031668594,
	doi = {10.1017/s0950268898008875},
	url = {https://doi.org/10.1017%2Fs0950268898008875},
	year = 1998,
	month = {aug},
	publisher = {Cambridge University Press ({CUP})},
	volume = {121},
	number = {1},
	pages = {227-236},
	author = {F. COURCHAMP and N. G. YOCCOZ and M. ARTOIS and D. PONTIER},
	title = {At-risk individuals in Feline Immunodeficiency Virus epidemiology: Evidence from a multivariate approach in a natural population of domestic cats (Felis catus)},
	journal = {Epidemiology and Infection}
}