@article{ID0032321380,
	doi = {10.1078/1433-8319-00059},
	url = {https://doi.org/10.1078%2F1433-8319-00059},
	year = 1998,
	publisher = {Elsevier {BV}},
	volume = {1},
	number = {2},
	pages = {206-220},
	author = {H ALEXANDER},
	title = {The interaction between plant competition and disease},
	journal = {Perspectives in Plant Ecology, Evolution and Systematics}
}