@article{ID0033883112,
	doi = {10.1016/s1095-6433(00)00211-7},
	url = {https://doi.org/10.1016%2Fs1095-6433%2800%2900211-7},
	year = 2000,
	month = {jun},
	publisher = {Elsevier {BV}},
	volume = {126},
	number = {2},
	pages = {287-294},
	author = {E Fuglei and M Aanestad and J. P Berg},
	title = {Hormones and metabolites of arctic foxes (Alopex lagopus) in response to season, starvation and re-feeding},
	journal = {Comparative Biochemistry and Physiology Part A: Molecular {\&} Integrative Physiology}
}