@article{ID0036149063,
	doi = {10.1016/s0169-5347(01)02388-6},
	url = {https://doi.org/10.1016%2Fs0169-5347%2801%2902388-6},
	year = 2002,
	month = {jan},
	publisher = {Elsevier {BV}},
	volume = {17},
	number = {1},
	pages = {10-11},
	author = {Tomas Roslin},
	title = {Who said that size is all that matters?},
	journal = {Trends in Ecology {\&} Evolution}
}