@article{ID0030447863,
	doi = {10.1016/0169-5347(96)20067-9},
	url = {https://doi.org/10.1016%2F0169-5347%2896%2920067-9},
	year = 1996,
	month = {sep},
	publisher = {Elsevier {BV}},
	volume = {11},
	number = {9},
	pages = {386-389},
	author = {Val H. Smith and Robert D. Holt},
	title = {Resource competition and within-host disease dynamics},
	journal = {Trends in Ecology {\&} Evolution}
}