@article{ID0036660478,
	doi = {10.1086/343137},
	url = {https://doi.org/10.1086%2F343137},
	year = 2002,
	month = {jul},
	publisher = {University of Chicago Press},
	volume = {75},
	number = {4},
	pages = {377-385},
	author = {Fran{\c{c}}ois V{\'{e}}zina and Tony~D. Williams},
	title = {Metabolic costs of egg production in the European starling (Sturnus vulgaris)},
	journal = {Physiological and Biochemical Zoology}
}