@article{ID0031875188,
	doi = {10.1046/j.1365-2435.1998.00199.x},
	url = {https://doi.org/10.1046%2Fj.1365-2435.1998.00199.x},
	year = 1998,
	month = {jun},
	publisher = {Wiley-Blackwell},
	volume = {12},
	number = {3},
	pages = {386-394},
	author = {D. GREmillet and I. Tuschy and M. Kierspel},
	title = {Body temperature and insulation in diving Great Cormorants and European Shags},
	journal = {Functional Ecology}
}