@article{ID0034486914,
	doi = {10.1017/s0950268800004945},
	url = {https://doi.org/10.1017%2Fs0950268800004945},
	year = 2000,
	month = {dec},
	publisher = {Cambridge University Press ({CUP})},
	volume = {125},
	number = {3},
	pages = {719-727},
	author = {G. R. SINGLETON and A. L. SMITH and C. J. KREBS},
	title = {The prevalence of viral antibodies during a large population fluctuation of house mice in Australia},
	journal = {Epidemiology and Infection}
}