@article{ID0037159420,
	doi = {10.1098/rspb.2002.2132},
	url = {https://doi.org/10.1098%2Frspb.2002.2132},
	year = 2002,
	month = {oct},
	publisher = {The Royal Society},
	volume = {269},
	number = {1505},
	pages = {2135-2139},
	author = {J. Reneerkens and T. Piersma and J. S. Sinninghe Damste},
	title = {Sandpipers (Scolopacidae) switch from monoester to diester preen waxes during courtship and incubation, but why?},
	journal = {Proceedings of the Royal Society B: Biological Sciences}
}