@article{ID0000046389,
	doi = {10.1016/s0169-5347(00)89055-2},
	url = {https://doi.org/10.1016%2Fs0169-5347%2800%2989055-2},
	year = 1995,
	month = {may},
	publisher = {Elsevier {BV}},
	volume = {10},
	number = {5},
	pages = {204},
	author = {X. Lambin and R. A. Ims and H. Steen and N. G. Yoccoz},
	title = {Vole cycles},
	journal = {Trends in Ecology {\&} Evolution}
}