@article{ID0036309560,
	doi = {10.1139/z02-056},
	url = {https://doi.org/10.1139%2Fz02-056},
	year = 2002,
	month = {may},
	publisher = {Canadian Science Publishing},
	volume = {80},
	number = {5},
	pages = {821-829},
	author = {Patrick Carrier and Charles J Krebs},
	title = {Trophic effects of rainfall on Clethrionomys rutilus voles: An experimental test in a xeric boreal forest in the Yukon Territory},
	journal = {Canadian Journal of Zoology}
}