@article{ID0037391122,
	doi = {10.1006/anbe.2003.2116},
	url = {https://doi.org/10.1006%2Fanbe.2003.2116},
	year = 2003,
	month = {apr},
	publisher = {Elsevier {BV}},
	volume = {65},
	number = {4},
	pages = {683-691},
	author = {Stewart J. Plaistow and Loic Bollache and Frank C{\'{e}}zilly},
	title = {Energetically costly precopulatory mate guarding in the amphipod Gammarus pulex: Causes and consequences},
	journal = {Animal Behaviour}
}