@article{ID0034884836,
	doi = {10.1139/cjz-79-4-671},
	url = {https://doi.org/10.1139%2Fcjz-79-4-671},
	year = 2001,
	publisher = {Canadian Science Publishing},
	volume = {79},
	number = {4},
	pages = {671-678},
	author = {Catherine Poussart and Gilles Gauthier and Jacques Larochelle},
	title = {Incubation behaviour of greater snow geese in relation to weather conditions},
	journal = {Canadian Journal of Zoology}
}