@article{ID0036112607,
	doi = {10.1016/s0306-4565(01)00097-3},
	url = {https://doi.org/10.1016%2Fs0306-4565%2801%2900097-3},
	year = 2002,
	month = {aug},
	publisher = {Elsevier {BV}},
	volume = {27},
	number = {4},
	pages = {325-332},
	author = {Sandra Hochscheid and David Gr{\'{e}}millet and Sarah Wanless and Morne A. du Plessis},
	title = {Black and white under the South African sun: Are juvenile Cape gannets heat stressed?},
	journal = {Journal of Thermal Biology}
}