@article{ID0034641907,
	doi = {10.1038/35037703},
	url = {https://doi.org/10.1038%2F35037703},
	year = 2000,
	month = {oct},
	publisher = {Springer Nature},
	volume = {407},
	number = {6805},
	pages = {689-690},
	author = {Robert D. Holt},
	journal = {Nature},
	title = {Use it or lose it}
}