@article{ID0037325629,
	doi = {10.1016/s0016-6480(02)00587-7},
	url = {https://doi.org/10.1016%2Fs0016-6480%2802%2900587-7},
	year = 2003,
	month = {feb},
	publisher = {Elsevier {BV}},
	volume = {130},
	number = {2},
	pages = {135-141},
	author = {Oliver P. Love and David M. Bird and Laird J. Shutt},
	title = {Corticosterone levels during post-natal development in captive American kestrels (Falco sparverius)},
	journal = {General and Comparative Endocrinology}
}