@article{ID0028983973,
	doi = {10.1007/bf01237660},
	url = {https://doi.org/10.1007%2Fbf01237660},
	year = 1995,
	month = {nov},
	publisher = {Springer Nature},
	volume = {9},
	number = {6},
	pages = {633-661},
	author = {Michael E. Hochberg and Robert D. Holt},
	title = {Refuge evolution and the population dynamics of coupled host-parasitoid associations},
	journal = {Evolutionary Ecology}
}