@article{ID0035121993,
	doi = {10.1017/s0266467401001067},
	url = {https://doi.org/10.1017%2Fs0266467401001067},
	year = 2001,
	month = {jan},
	publisher = {Cambridge University Press ({CUP})},
	volume = {17},
	number = {1},
	pages = {97-113},
	author = {J.-C. SVENNING},
	title = {Environmental heterogeneity, recruitment limitation and the mesoscale distribution of palms in a tropical montane rain forest (Maquipucuna, Ecuador)},
	journal = {Journal of Tropical Ecology}
}