@article{ID0032143492,
	doi = {10.1006/anbe.1998.0841},
	url = {https://doi.org/10.1006%2Fanbe.1998.0841},
	year = 1998,
	month = {aug},
	publisher = {Elsevier {BV}},
	volume = {56},
	number = {2},
	pages = {419-432},
	author = {RICHARD B. LANCTOT and PATRICK J. WEATHERHEAD and BART KEMPENAERS and KIM T. SCRIBNER},
	title = {Male traits, mating tactics and reproductive success in the buff-breasted sandpiper, Tryngites subruficollis},
	journal = {Animal Behaviour}
}