@article{ID0036093001,
	doi = {10.1139/z02-023},
	url = {https://doi.org/10.1139%2Fz02-023},
	year = 2002,
	month = {mar},
	publisher = {Canadian Science Publishing},
	volume = {80},
	number = {3},
	pages = {418-429},
	author = {Jane U Jepsen and Nina E Eide and P{\aa}l Prestrud and Linn B Jacobsen},
	title = {The importance of prey distribution in habitat use by arctic foxes (Alopex lagopus)},
	journal = {Canadian Journal of Zoology}
}