@article{ID0037718314,
	doi = {10.1139/z03-006},
	url = {https://doi.org/10.1139%2Fz03-006},
	year = 2003,
	month = {feb},
	publisher = {Canadian Science Publishing},
	volume = {81},
	number = {2},
	pages = {216-220},
	author = {A R. E Sinclair and Dennis Chitty and Carol I Stefan and Charles J Krebs},
	title = {Mammal population cycles: Evidence for intrinsic differences during snowshoe hare cycles},
	journal = {Canadian Journal of Zoology}
}