@article{ID0034490563,
	doi = {10.1046/j.1365-2656.2000.00454.x},
	url = {https://doi.org/10.1046%2Fj.1365-2656.2000.00454.x},
	year = 2000,
	month = {dec},
	publisher = {Wiley-Blackwell},
	volume = {69},
	number = {6},
	pages = {959-974},
	author = {Atle Mysterud and Nigel G. Yoccoz and Nils CHR. Stenseth and Rolf Langvatn},
	title = {Relationships between sex ratio, climate and density in red deer: The importance of spatial scale},
	journal = {Journal of Animal Ecology}
}