@article{ID0031438539,
	doi = {10.1146/annurev.ecolsys.28.1.289},
	url = {https://doi.org/10.1146%2Fannurev.ecolsys.28.1.289},
	year = 1997,
	month = {nov},
	publisher = {Annual Reviews},
	volume = {28},
	number = {1},
	pages = {289-316},
	author = {Gary A. Polis and Wendy B. Anderson and Robert D. Holt},
	title = {Toward an integration of landscape and food web ecology: The dynamics of spatially subsidized food webs},
	journal = {Annual Review of Ecology and Systematics}
}