@article{ID0037907283,
	doi = {10.1034/j.1600-0706.2003.12570.x},
	url = {https://doi.org/10.1034%2Fj.1600-0706.2003.12570.x},
	year = 2003,
	month = {apr},
	publisher = {Wiley-Blackwell},
	volume = {101},
	number = {1},
	pages = {49-58},
	author = {Robert D. Holt and Michael Barfield},
	title = {Impacts of temporal variation on apparent competition and coexistence in open ecosystems},
	journal = {Oikos}
}