@article{ID0022848235,
	doi = {10.1007/bf00379239},
	url = {https://doi.org/10.1007%2Fbf00379239},
	year = 1986,
	month = {sep},
	publisher = {Springer Nature},
	volume = {70},
	number = {2},
	pages = {194-197},
	author = {Charles J. Krebs and Stan Boutin and B. S. Gilbert},
	title = {A natural feeding experiment on a declining snowshoe hare population},
	journal = {Oecologia}
}