@article{ID0031200753,
	doi = {10.1006/jmsc.1997.0250},
	url = {https://doi.org/10.1006%2Fjmsc.1997.0250},
	year = 1997,
	month = {aug},
	publisher = {Oxford University Press ({OUP})},
	volume = {54},
	number = {4},
	pages = {635-644},
	author = {D GREMILLET},
	title = {Catch per unit effort, foraging efficiency, and parental investment in breeding great cormorants (Phalacrocorax carbo carbo)},
	journal = {{ICES} Journal of Marine Science}
}