@article{ID0028139794,
	doi = {10.1111/j.1095-8312.1994.tb00990.x},
	url = {https://doi.org/10.1111%2Fj.1095-8312.1994.tb00990.x},
	year = 1994,
	month = {jul},
	publisher = {Oxford University Press ({OUP})},
	volume = {52},
	number = {3},
	pages = {273-286},
	author = {JOHN ERIK STACY and UNN HILDE REFSETH and MARIANNE THORESEN and ROLF ANKER IMS and NILS CHR. STENSETH and KJETILL S. JAKOBSEN},
	title = {Genetic variability among root voles (Microtus oeconomus) from different geographic regions: populations can be distinguished by DNA fingerprinting},
	journal = {Biological Journal of the Linnean Society}
}