@article{ID0030616724,
	doi = {10.1086/286038},
	url = {https://doi.org/10.1086%2F286038},
	year = 1997,
	month = {jun},
	publisher = {University of Chicago Press},
	volume = {149},
	number = {6},
	pages = {1051-1070},
	author = {Richard~B. Lanctot and Kim~T. Scribner and Richard~B. Lanctot and Patrick~J. Weatherhead and Bart Kempenaers},
	title = {Lekking without a paradox in the buff-breasted sandpiper},
	journal = {The American Naturalist}
}