@article{ID0034802661,
	doi = {10.1046/j.0021-8790.2001.00531.x},
	url = {https://doi.org/10.1046%2Fj.0021-8790.2001.00531.x},
	year = 2001,
	month = {sep},
	publisher = {Wiley-Blackwell},
	volume = {70},
	number = {5},
	pages = {713-720},
	author = {Nigel G. Yoccoz and Nils ChR. Stenseth and Heikki Henttonen and Anne-Caroline Pr{\'{e}}vot-Julliard},
	title = {Effects of food addition on the seasonal density-dependent structure of bank vole Clethrionomys glareolus populations},
	journal = {Journal of Animal Ecology}
}