@article{ID0035819312,
	doi = {10.1098/rspb.2000.1324},
	url = {https://doi.org/10.1098%2Frspb.2000.1324},
	year = 2001,
	month = {jan},
	publisher = {The Royal Society},
	volume = {268},
	number = {1462},
	pages = {15-23},
	author = {E. Post and M. C. Forchhammer and N. C. Stenseth and T. V. Callaghan},
	title = {The timing of life-history events in a changing climate},
	journal = {Proceedings of the Royal Society B: Biological Sciences}
}