@article{ID0033786182,
	doi = {10.1016/s0169-5347(00)01991-1},
	url = {https://doi.org/10.1016%2Fs0169-5347%2800%2901991-1},
	year = 2000,
	month = {nov},
	publisher = {Elsevier {BV}},
	volume = {15},
	number = {11},
	pages = {444-445},
	author = {Robert D Holt},
	title = {Trophic cascades in terrestrial ecosystems. Reflections on Polis et al.},
	journal = {Trends in Ecology {\&} Evolution}
}