@article{ID0026300853,
	doi = {10.1111/j.1600-0587.1991.tb00659.x},
	url = {https://doi.org/10.1111%2Fj.1600-0587.1991.tb00659.x},
	year = 1991,
	month = {oct},
	publisher = {Wiley-Blackwell},
	volume = {14},
	number = {4},
	pages = {250-259},
	author = {B. Scott Gilbert and Charles J. Krebs},
	title = {Population dynamics of Clethrionomys and Peromyscus in southwestern Yukon 1973‚Äê1989},
	journal = {Ecography}
}