@article{ID0032925599,
	doi = {10.1046/j.1365-2656.1999.00258.x},
	url = {https://doi.org/10.1046%2Fj.1365-2656.1999.00258.x},
	year = 1999,
	month = {jan},
	publisher = {Wiley-Blackwell},
	volume = {68},
	number = {1},
	pages = {34-49},
	author = {Anders Angerbjorn and Magnus Tannerfeldt and Sam Erlinge},
	title = {Predator-prey relationships: Arctic foxes and lemmings},
	journal = {Journal of Animal Ecology}
}