@article{ID0031692494,
	doi = {10.1046/j.1365-2664.1998.00315.x},
	url = {https://doi.org/10.1046%2Fj.1365-2664.1998.00315.x},
	year = 1998,
	month = {jun},
	publisher = {Wiley-Blackwell},
	volume = {35},
	number = {3},
	pages = {398-417},
	author = {Jesper Madsen},
	title = {Experimental refuges for migratory waterfowl in Danish wetlands. II. Tests of hunting disturbance effects},
	journal = {Journal of Applied Ecology}
}