@article{ID0034124908,
	doi = {10.1086/316737},
	url = {https://doi.org/10.1086%2F316737},
	year = 2000,
	month = {mar},
	publisher = {University of Chicago Press},
	volume = {73},
	number = {2},
	pages = {231-236},
	author = {Fran{\c{c}}ois V{\'{e}}zina and Donald W. Thomas},
	title = {Social status does not affect resting metabolic rate in wintering dark-eyed junco (Junco hyemalis)},
	journal = {Physiological and Biochemical Zoology}
}