@article{ID0032557019,
	doi = {10.1098/rspb.1998.0301},
	url = {https://doi.org/10.1098%2Frspb.1998.0301},
	year = 1998,
	month = {feb},
	publisher = {The Royal Society},
	volume = {265},
	number = {1393},
	pages = {341-350},
	author = {M. C. Forchhammer and N. C. Stenseth and E. Post and R. Landvatn},
	title = {Population dynamics of Norwegian red deer: Density-dependence and climatic variation},
	journal = {Proceedings of the Royal Society B: Biological Sciences}
}