@article{ID0036433556,
	doi = {10.1139/z02-089},
	url = {https://doi.org/10.1139%2Fz02-089},
	year = 2002,
	month = {jun},
	publisher = {Canadian Science Publishing},
	volume = {80},
	number = {6},
	pages = {1077-1083},
	author = {Mohamed Righi and Gilles Gauthier},
	title = {Natural infection by intestinal cestodes: Variability and effect on growth in Greater Snow Goose goslings (Chen caerulescens atlantica)},
	journal = {Canadian Journal of Zoology}
}