@article{ID0042285597,
	doi = {10.1046/j.1461-0248.2003.00500.x},
	url = {https://doi.org/10.1046%2Fj.1461-0248.2003.00500.x},
	year = 2003,
	month = {sep},
	publisher = {Wiley-Blackwell},
	volume = {6},
	number = {9},
	pages = {797-802},
	author = {Craig Packer and Robert D. Holt and Peter J. Hudson and Kevin D. Lafferty and Andrew P. Dobson},
	title = {Keeping the herds healthy and alert: Implications of predator control for infectious disease},
	journal = {Ecology Letters}
}