@article{ID0036942711,
	doi = {10.1007/s00442-002-0967-8},
	url = {https://doi.org/10.1007%2Fs00442-002-0967-8},
	year = 2002,
	month = {jul},
	publisher = {Springer Nature},
	volume = {132},
	number = {2},
	pages = {213-220},
	author = {Magnus Tannerfeldt and Bodil Elmhagen and Anders Angerbj√∂rn},
	title = {Exclusion by interference competition? The relationship between red and arctic foxes},
	journal = {Oecologia}
}