@article{ID0031957270,
	doi = {10.1046/j.1365-2656.1998.00182.x},
	url = {https://doi.org/10.1046%2Fj.1365-2656.1998.00182.x},
	year = 1998,
	month = {mar},
	publisher = {Wiley-Blackwell},
	volume = {67},
	number = {2},
	pages = {210-216},
	author = {Denis Lepage and Gilles Gauthier and Andr{\'{e}} Desrochers},
	title = {Larger clutch size increases fledging success and offspring quality in a precocial species},
	journal = {Journal of Animal Ecology}
}