@article{ID0037396775,
	doi = {10.1645/0022-3395(2003)089[0422:fmfiot]2.0.co;2},
	url = {https://doi.org/10.1645%2F0022-3395%282003%29089%5B0422%3Afmfiot%5D2.0.co%3B2},
	year = 2003,
	month = {apr},
	publisher = {American Society of Parasitologists},
	volume = {89},
	number = {2},
	pages = {422-423},
	author = {K. Raundrup and S. Clemmensen and M. C. Forchhammer and C. M O. Kapel},
	title = {Field method for isolation of trichostrongyle larvae from vegetation of natural pastures of arctic ruminants},
	journal = {Journal of Parasitology}
}