@article{ID0034817125,
	doi = {10.1046/j.0021-8790.2001.00532.x},
	url = {https://doi.org/10.1046%2Fj.0021-8790.2001.00532.x},
	year = 2001,
	month = {sep},
	publisher = {Wiley-Blackwell},
	volume = {70},
	number = {5},
	pages = {721-729},
	author = {Mads C. Forchhammer and Tim H. Clutton-Brock and Jan Lindstr√∂m and Steve D. Albon},
	title = {Climate and population density induce long-term cohort variation in a northern ungulate},
	journal = {Journal of Animal Ecology}
}