@article{ID0026373077,
	doi = {10.1016/0020-7462(91)90036-s},
	url = {https://doi.org/10.1016%2F0020-7462%2891%2990036-s},
	year = 1991,
	month = {jan},
	publisher = {Elsevier {BV}},
	volume = {26},
	number = {6},
	pages = {851-855},
	author = {M. F. Dimentberg and A. A. Sokolov},
	title = {Identification of restoring force non-linearity from a system's response to a white-noise excitation},
	journal = {International Journal of Non-Linear Mechanics}
}