@article{ID0036287272,
	doi = {10.1023/a:1015666116174},
	url = {https://doi.org/10.1023%2Fa%3A1015666116174},
	year = 2002,
	publisher = {Springer Nature},
	volume = {68},
	number = {1},
	pages = {63-89},
	author = {Hans-Joachim Schmid and Steffen Stolz and Hans Buggisch},
	journal = {Flow, Turbulence and Combustion},
	title = {On the modelling of the electro-hydrodynamic flow field in electrostatic precipitators}
}