@article{ID0026046601,
	doi = {10.1017/s0376892900021755},
	url = {https://doi.org/10.1017%2Fs0376892900021755},
	year = 1991,
	month = {jun},
	publisher = {Cambridge University Press ({CUP})},
	volume = {18},
	number = {02},
	pages = {166},
	author = {Alan H. Taylor and Donald G. Reid and Qin Zisheng and Hu Jinchu},
	title = {Bamboo Dieback: An Opportunity to Restore Panda Habitat},
	journal = {Environmental Conservation}
}