@article{ID0034749869,
	doi = {10.1007/s002440010276},
	url = {https://doi.org/10.1007%2Fs002440010276},
	year = 2001,
	month = {nov},
	publisher = {Springer Nature},
	volume = {41},
	number = {4},
	pages = {491-500},
	author = {M. Wayland and H. G. Gilchrist and D. L. Dickson and T. Bollinger and C. James and R. A. Carreno and J. Keating},
	title = {Trace elements in king eiders and common eiders in the Canadian arctic},
	journal = {Archives of Environmental Contamination and Toxicology}
}