@article{ID0033065742,
	doi = {10.1046/j.1365-201x.1999.00511.x},
	url = {https://doi.org/10.1046%2Fj.1365-201x.1999.00511.x},
	year = 1999,
	month = {feb},
	publisher = {Wiley-Blackwell},
	volume = {165},
	number = {2},
	pages = {203-210},
	author = {FUGLEI and ORITSLAND},
	title = {Body composition, resting and running metabolic rates, and net cost of running in rats during starvation},
	journal = {Acta Physiologica Scandinavica}
}