@article{ID0035034138,
	doi = {10.1046/j.1365-2656.2001.00494.x},
	url = {https://doi.org/10.1046%2Fj.1365-2656.2001.00494.x},
	year = 2001,
	month = {mar},
	publisher = {Wiley-Blackwell},
	volume = {70},
	number = {2},
	pages = {191-200},
	author = {Xavier Lambin and Nigel G. Yoccoz},
	title = {Adaptive precocial reproduction in voles: Reproductive costs and multivoltine life-history strategies in seasonal environments},
	journal = {Journal of Animal Ecology}
}