@article{ID0036834884,
	doi = {10.1006/tpbi.2002.1614},
	url = {https://doi.org/10.1006%2Ftpbi.2002.1614},
	year = 2002,
	month = {nov},
	publisher = {Elsevier {BV}},
	volume = {62},
	number = {3},
	pages = {281-295},
	author = {Peter A. Abrams and Robert D. Holt},
	title = {The Impact of Consumer-Resource Cycles on the Coexistence of Competing Consumers},
	journal = {Theoretical Population Biology}
}