@article{ID0033118207,
	doi = {10.1046/j.1365-294x.1999.00615.x},
	url = {https://doi.org/10.1046%2Fj.1365-294x.1999.00615.x},
	year = 1999,
	month = {apr},
	publisher = {Wiley-Blackwell},
	volume = {8},
	number = {4},
	pages = {675-679},
	author = {L.-E. Holm and M. C. Forchhammer and J. J. Boomsma},
	title = {Low genetic variation in muskoxen (Ovibos moschatus) from western Greenland using microsatellites},
	journal = {Molecular Ecology}
}