@article{ID0036275646,
	doi = {10.1023/a:1015520116260},
	url = {https://doi.org/10.1023%2Fa%3A1015520116260},
	year = 2002,
	publisher = {Springer Nature},
	volume = {159},
	number = {2},
	pages = {185-199},
	author = {Jens-Christian Svenning},
	journal = {Plant Ecology},
	title = {Crown illumination limits the population growth rate of a neotropical understorey palm (Geonoma macrostachys, Arecaceae)}
}