@article{ID0036191834,
	doi = {10.1016/s0006-3207(01)00162-8},
	url = {https://doi.org/10.1016%2Fs0006-3207%2801%2900162-8},
	year = 2002,
	month = {apr},
	publisher = {Elsevier {BV}},
	volume = {104},
	number = {2},
	pages = {133-148},
	author = {Jens-Christian Svenning},
	title = {A review of natural vegetation openness in north-western Europe},
	journal = {Biological Conservation}
}