@article{ID0036718240,
	doi = {10.1046/j.1365-294x.2002.01566.x},
	url = {https://doi.org/10.1046%2Fj.1365-294x.2002.01566.x},
	year = 2002,
	month = {sep},
	publisher = {Wiley-Blackwell},
	volume = {11},
	number = {9},
	pages = {1689-1701},
	author = {Cole Burton and Charles J. Krebs and Eric B. Taylor},
	title = {Population genetic structure of the cyclic snowshoe hare (Lepus americanus) in southwestern Yukon, Canada},
	journal = {Molecular Ecology}
}