@article{ID0032056011,
	doi = {10.1006/anbe.1997.0667},
	url = {https://doi.org/10.1006%2Fanbe.1997.0667},
	year = 1998,
	month = {apr},
	publisher = {Elsevier {BV}},
	volume = {55},
	number = {4},
	pages = {845-860},
	author = {BART KEMPENAERS and RICHARD B. LANCTOT and RALEIGH J. ROBERTSON},
	title = {Certainty of paternity and paternal investment in eastern bluebirds and tree swallows},
	journal = {Animal Behaviour}
}