@article{ID0036146186,
	doi = {10.1080/02664760120108458},
	url = {https://doi.org/10.1080%2F02664760120108458},
	year = 2002,
	month = {jan},
	publisher = {Informa {UK} Limited},
	volume = {29},
	number = {1-4},
	pages = {57-64},
	author = {Nigel G. Yoccoz and Kjell E. Erikstad and Jan O. Bustnes and Sveinn A. Hanssen and Torkild Tveraa},
	title = {Costs of reproduction in common eiders (Somateria mollissima): An assessment of relationships between reproductive effort and future survival and reproduction based on observational and experimental studies},
	journal = {Journal of Applied Statistics}
}