@article{ID0000201867,
	doi = {10.1016/0040-5809(85)90027-9},
	url = {https://doi.org/10.1016%2F0040-5809%2885%2990027-9},
	year = 1985,
	month = {oct},
	publisher = {Elsevier {BV}},
	volume = {28},
	number = {2},
	pages = {181-208},
	author = {Robert D. Holt},
	title = {Population dynamics in two-patch environments: Some anomalous consequences of an optimal habitat distribution},
	journal = {Theoretical Population Biology}
}