@article{ID0032189577,
	doi = {10.1046/j.1365-294x.1998.00487.x},
	url = {https://doi.org/10.1046%2Fj.1365-294x.1998.00487.x},
	year = 1998,
	month = {oct},
	publisher = {Wiley-Blackwell},
	volume = {7},
	number = {10},
	pages = {1383-1389},
	author = {J. AARS and R. A. IMS and H.-P. LIU and M. MULVEY and M. H. SMITH},
	title = {Bank voles in linear habitats show restricted gene flow as revealed by mitochondrial DNA (mtDNA)},
	journal = {Molecular Ecology}
}