@article{ID0035934193,
	doi = {10.1098/rspb.2001.1638},
	url = {https://doi.org/10.1098%2Frspb.2001.1638},
	year = 2001,
	month = {aug},
	publisher = {The Royal Society},
	volume = {268},
	number = {1477},
	pages = {1741-1748},
	author = {G. Singleton and C. J. Krebs and S. Davis and L. Chambers and P. Brown},
	title = {Reproductive changes in fluctuating house mouse populations in southeastern Australia},
	journal = {Proceedings of the Royal Society B: Biological Sciences}
}