@article{ID0036126789,
	doi = {10.1046/j.1461-0248.2002.00315.x},
	url = {https://doi.org/10.1046%2Fj.1461-0248.2002.00315.x},
	year = 2002,
	month = {mar},
	publisher = {Wiley-Blackwell},
	volume = {5},
	number = {2},
	pages = {302-315},
	author = {Jonathan M. Chase and Peter A. Abrams and James P. Grover and Sebastian Diehl and Peter Chesson and Robert D. Holt and Shane A. Richards and Roger M. Nisbet and Ted J. Case},
	title = {The interaction between predation and competition: A review and synthesis},
	journal = {Ecology Letters}
}