@article{ID0001397977,
	doi = {10.1016/s0022-5193(85)80084-9},
	url = {https://doi.org/10.1016%2Fs0022-5193%2885%2980084-9},
	year = 1985,
	month = {oct},
	publisher = {Elsevier {BV}},
	volume = {116},
	number = {4},
	pages = {479-493},
	author = {Robert D. Holt},
	title = {Density-independent mortality, non-linear competitive interactions, and species coexistence},
	journal = {Journal of Theoretical Biology}
}