@article{ID0036146530,
	doi = {10.1080/02664760120108566},
	url = {https://doi.org/10.1080%2F02664760120108566},
	year = 2002,
	month = {jan},
	publisher = {Informa {UK} Limited},
	volume = {29},
	number = {1-4},
	pages = {509-520},
	author = {Thierry Boulinier and Nigel G. Yoccoz and Karen D. McCoy and Kjell Einar Erikstad and Torkild Tveraa},
	title = {Testing the effect of conspecific reproductive success on dispersal and recruitment decisions in a colonial bird: Design issues},
	journal = {Journal of Applied Statistics}
}