@article{ID0035823712,
	doi = {10.1098/rspb.2001.1723},
	url = {https://doi.org/10.1098%2Frspb.2001.1723},
	year = 2001,
	month = {oct},
	publisher = {The Royal Society},
	volume = {268},
	number = {1480},
	pages = {2001-2005},
	author = {C. N. Johnson and M. Clinchy and A. C. Taylor and C. J. Krebs and P. J. Jarman and A. Payne and E. G. Ritchie},
	title = {Adjustment of offspring sex ratios in relation to the availability of resources for philopatric offspring in the common brushtail possum},
	journal = {Proceedings of the Royal Society B: Biological Sciences}
}