@article{ID0037672724,
	doi = {10.1007/s00265-002-0545-4},
	url = {https://doi.org/10.1007%2Fs00265-002-0545-4},
	year = 2002,
	month = {dec},
	publisher = {Springer Nature},
	volume = {53},
	number = {1},
	pages = {25-30},
	author = {Jan Lindstr√∂m and Tim Coulson and Loeske Kruuk and Mads Forchhammer and Dave Coltman and Tim Clutton-Brock},
	title = {Sex-ratio variation in Soay sheep},
	journal = {Behavioral Ecology and Sociobiology}
}