@article{ID0028165330,
	doi = {10.1007/bf00627734},
	url = {https://doi.org/10.1007%2Fbf00627734},
	year = 1994,
	month = {sep},
	publisher = {Springer Nature},
	volume = {99},
	number = {3-4},
	pages = {226-232},
	author = {Anders Angerbj√∂rn and Pall Hersteinsson and Kerstin Lid{\'{e}}n and Erle Nelson},
	title = {Dietary variation in arctic foxes (Alopex lagopus)-an analysis of stable carbon isotopes},
	journal = {Oecologia}
}