@article{ID0037169123,
	doi = {10.1126/science.295.5555.636},
	url = {https://doi.org/10.1126%2Fscience.295.5555.636},
	year = 2002,
	month = {jan},
	publisher = {American Association for the Advancement of Science ({AAAS})},
	volume = {295},
	number = {5555},
	pages = {636-637},
	author = {J. F. Duivenvoorden},
	title = {Beta diversity in tropical forests},
	journal = {Science}
}