@article{ID0033853872,
	doi = {10.1046/j.1365-2540.2000.00691.x},
	url = {https://doi.org/10.1046%2Fj.1365-2540.2000.00691.x},
	year = 2000,
	month = {jun},
	publisher = {Springer Nature},
	volume = {84},
	number = {6},
	pages = {667},
	author = {Halvor Knutsen},
	title = {Genetic differentiation among populations of the beetle Bolitophagus reticulatus (Coleoptera: Tonebrionidae) in fragmented and a continuous landscape},
	journal = {Heredity}
}