@article{ID0035820779,
	doi = {10.1098/rspb.2001.1585},
	url = {https://doi.org/10.1098%2Frspb.2001.1585},
	year = 2001,
	month = {may},
	publisher = {The Royal Society},
	volume = {268},
	number = {1470},
	pages = {911-919},
	author = {A. Mysterud and N. G. Yoccoz and N. C. Stenseth and R. Langvatn},
	title = {Effects of age, sex and density on body weight of Norwegian red deer: Evidence of density-dependent senescence},
	journal = {Proceedings of the Royal Society B: Biological Sciences}
}