@article{ID0032749618,
	doi = {10.1007/s004420050925},
	url = {https://doi.org/10.1007%2Fs004420050925},
	year = 1999,
	month = {nov},
	publisher = {Springer Nature},
	volume = {121},
	number = {2},
	pages = {236-244},
	author = {Nina Hovland and Harry P. Andreassen and Rolf A. Ims},
	title = {Foraging behaviour of the root vole Microtus oeconomus in fragmented habitats},
	journal = {Oecologia}
}