@article{ID0036749358,
	doi = {10.1006/enrs.2002.4384},
	url = {https://doi.org/10.1006%2Fenrs.2002.4384},
	year = 2002,
	month = {sep},
	publisher = {Elsevier {BV}},
	volume = {90},
	number = {1},
	pages = {47-60},
	author = {M. Wayland and H. G. Gilchrist and T. Marchant and J. Keating and J. E. Smits},
	title = {Immune function, stress response, and body condition in arctic-breeding common eiders in relation to cadmium, mercury, and selenium concentrations},
	journal = {Environmental Research}
}