@article{ID0142182693,
	doi = {10.1046/j.1365-2907.2003.00022.x},
	url = {https://doi.org/10.1046%2Fj.1365-2907.2003.00022.x},
	year = 2003,
	month = {sep},
	publisher = {Wiley-Blackwell},
	volume = {33},
	number = {3-4},
	pages = {205-223},
	author = {EVA STENSLAND and ANDERS ANGERBJORN and PER BERGGREN},
	title = {Mixed species groups in mammals},
	journal = {Mammal Review}
}