@article{ID0242268942,
	doi = {10.1126/science.1087509},
	url = {https://doi.org/10.1126%2Fscience.1087509},
	year = 2003,
	month = {oct},
	publisher = {American Association for the Advancement of Science ({AAAS})},
	volume = {302},
	number = {5646},
	pages = {866-868},
	author = {O. Gilg},
	title = {Cyclic Dynamics in a Simple Vertebrate Predator-Prey Community},
	journal = {Science}
}