@article{ID0242584987,
	doi = {10.1023/a:1022506927708},
	url = {https://doi.org/10.1023%2Fa%3A1022506927708},
	year = 2003,
	publisher = {Springer Nature},
	volume = {12},
	number = {1/4},
	pages = {225-237},
	author = {Mark Wayland and Judit J. E. G. Smits and H. Grant Gilchrist and Tracy Marchant and Jonathan Keating},
	journal = {Ecotoxicology},
	title = {Biomarker responses in nesting, common eiders in the Canadian arctic in relation to tissue cadmium, mercury and selenium concentrations}
}