@article{ID0242417602,
	doi = {10.1016/s0047-2484(02)00167-7},
	url = {https://doi.org/10.1016%2Fs0047-2484%2802%2900167-7},
	year = 2003,
	month = {jan},
	publisher = {Elsevier {BV}},
	volume = {44},
	number = {1},
	pages = {25-45},
	author = {Nathaniel J Dominy and Jens-Christian Svenning and Wen-Hsiung Li},
	title = {Historical contingency in the evolution of primate color vision},
	journal = {Journal of Human Evolution}
}