@article{ID0242584990,
	doi = {10.1023/a:1022502826800},
	url = {https://doi.org/10.1023%2Fa%3A1022502826800},
	year = 2003,
	publisher = {Springer Nature},
	volume = {12},
	number = {1/4},
	pages = {199-208},
	author = {Oliver P. Love and Laird J. Shutt and Joel S. Silfies and Gary R. Bortolotti and Judit E. G. Smits and David M. Bird},
	journal = {Ecotoxicology},
	title = {Effects of dietary PCB exposure on adrenocortical function in captive American Kestrels (Falco sparverius)}
}