@article{ID0242585439,
	doi = {10.1098/rspb.2002.2224},
	url = {https://doi.org/10.1098%2Frspb.2002.2224},
	year = 2003,
	month = {mar},
	publisher = {The Royal Society},
	volume = {270},
	number = {1515},
	pages = {591-596},
	author = {D. Reale and A. G. McAdam and S. Boutin and D. Berteaux},
	title = {Genetic and plastic responses of a northern mammal to climate change},
	journal = {Proceedings of the Royal Society B: Biological Sciences}
}