@article{ID0242570631,
	doi = {10.1007/s00442-003-1373-6},
	url = {https://doi.org/10.1007%2Fs00442-003-1373-6},
	year = 2003,
	month = {nov},
	publisher = {Springer Nature},
	volume = {137},
	number = {3},
	pages = {370-376},
	author = {Torkild Tveraa and Per Fauchald and Cathrine Henaug and Nigel G. Yoccoz},
	title = {An examination of a compensatory relationship between food limitation and predation in semi-domestic reindeer},
	journal = {Oecologia}
}