@article{ID0346337206,
	doi = {10.1016/s0040-5809(03)00067-4},
	url = {https://doi.org/10.1016%2Fs0040-5809%2803%2900067-4},
	year = 2003,
	month = {sep},
	publisher = {Elsevier {BV}},
	volume = {64},
	number = {2},
	pages = {163-176},
	author = {Peter A Abrams and Chad E Brassil and Robert D Holt},
	title = {Dynamics and responses to mortality rates of competing predators undergoing predator-prey cycles},
	journal = {Theoretical Population Biology}
}