@article{ID0346034901,
	doi = {10.1139/z02-115},
	url = {https://doi.org/10.1139%2Fz02-115},
	year = 2002,
	month = {jul},
	publisher = {Canadian Science Publishing},
	volume = {80},
	number = {7},
	pages = {1286-1292},
	author = {Harald Steen and Mary Taitt and Charles J Krebs},
	title = {Risk of parasite-induced predation: An experimental field study on Townsend's voles (Microtus townsendii)},
	journal = {Canadian Journal of Zoology}
}