@article{ID0344572724,
	doi = {10.1007/s002650050563},
	url = {https://doi.org/10.1007%2Fs002650050563},
	year = 1999,
	month = {mar},
	publisher = {Springer Nature},
	volume = {45},
	number = {3-4},
	pages = {283-291},
	author = {Dominique Berteaux and JoÃ«l B{\^{e}}ty and Eddie Rengifo and Jean-Marie Bergeron},
	title = {Multiple paternity in meadow voles (Microtus pennsylvanicus): Investigating the role of the female},
	journal = {Behavioral Ecology and Sociobiology}
}