@article{ID0348090623,
	doi = {10.1086/376425},
	url = {https://doi.org/10.1086%2F376425},
	year = 2003,
	month = {sep},
	publisher = {University of Chicago Press},
	volume = {76},
	number = {5},
	pages = {716-730},
	author = {Fran{\c{c}}ois V{\'{e}}zina and Tony~D. Williams},
	title = {Plasticity in Body Composition in Breeding Birds: What Drives the Metabolic Costs of Egg Production?},
	journal = {Physiological and Biochemical Zoology}
}