@article{ID0346399729,
	doi = {10.1242/jeb.00702},
	url = {https://doi.org/10.1242%2Fjeb.00702},
	year = 2003,
	month = {dec},
	publisher = {The Company of Biologists},
	volume = {206},
	number = {24},
	pages = {4443-4451},
	author = {F. Vezina},
	title = {The metabolic cost of avian egg formation: Possible impact of yolk precursor production?},
	journal = {Journal of Experimental Biology}
}