@article{ID0344267723,
	doi = {10.1016/s0006-3207(98)00106-2},
	url = {https://doi.org/10.1016%2Fs0006-3207%2898%2900106-2},
	year = 1999,
	month = {may},
	publisher = {Elsevier {BV}},
	volume = {88},
	number = {2},
	pages = {173-182},
	author = {Jens-Christian Svenning and Else Mag{\aa}rd},
	title = {Population ecology and conservation status of the last natural population of English yew Taxus baccata in Denmark},
	journal = {Biological Conservation}
}