@article{ID0346667073,
	doi = {10.1139/z02-143},
	url = {https://doi.org/10.1139%2Fz02-143},
	year = 2002,
	month = {aug},
	publisher = {Canadian Science Publishing},
	volume = {80},
	number = {8},
	pages = {1442-1450},
	author = {Charles J Krebs and Todd N Zimmerling and Claire Jardine and Kim A Trostel and Alice J Kenney and Scott Gilbert and Elizabeth J Hofer},
	title = {Cyclic dynamics of snowshoe hares on a small island in the Yukon},
	journal = {Canadian Journal of Zoology}
}