@article{ID0347300267,
	doi = {10.1007/s00300-003-0565-1},
	url = {https://doi.org/10.1007%2Fs00300-003-0565-1},
	year = 2003,
	month = {dec},
	publisher = {Springer Nature},
	volume = {27},
	number = {1},
	pages = {50-55},
	author = {Peter Aastrup},
	title = {Muskox site fidelity and group cohesion in Jameson Land, East Greenland},
	journal = {Polar Biology}
}