@article{ID0348196741,
	doi = {10.1111/j.1365-2311.2003.00555.x},
	url = {https://doi.org/10.1111%2Fj.1365-2311.2003.00555.x},
	year = 2003,
	month = {dec},
	publisher = {Wiley-Blackwell},
	volume = {28},
	number = {6},
	pages = {659-665},
	author = {Snorre B. Hagen and Rolf A. Ims and Nigel G. Yoccoz},
	title = {Density-dependent melanism in sub-arctic populations of winter moth larvae (Operophtera brumata)},
	journal = {Ecological Entomology}
}