@article{ID0344171993,
	doi = {10.1046/j.1365-2656.1999.00307.x},
	url = {https://doi.org/10.1046%2Fj.1365-2656.1999.00307.x},
	year = 1999,
	month = {jul},
	publisher = {Wiley-Blackwell},
	volume = {68},
	number = {4},
	pages = {684-697},
	author = {Anne-Caroline Prevot-Julliard and Heikki Henttonen and Nigel G. Yoccoz and Nils ChR. Stenseth},
	title = {Delayed maturation in female bank voles: Optimal decision or social constraint?},
	journal = {Journal of Animal Ecology}
}