@article{ID0346968166,
	doi = {10.1016/s0040-5809(03)00087-x},
	url = {https://doi.org/10.1016%2Fs0040-5809%2803%2900087-x},
	year = 2003,
	month = {nov},
	publisher = {Elsevier {BV}},
	volume = {64},
	number = {3},
	pages = {315-330},
	author = {Robert D. Holt and Michael Barfield and Andrew Gonzalez},
	title = {Impacts of environmental variability in open populations and communities: "inflation" in sink environments},
	journal = {Theoretical Population Biology}
}