@article{ID0347982617,
	doi = {10.1038/sj.hdy.6800491},
	url = {https://doi.org/10.1038%2Fsj.hdy.6800491},
	year = 2004,
	month = {jun},
	publisher = {Springer Nature},
	volume = {93},
	number = {2},
	pages = {182-188},
	author = {G Yannic and A Baumel and M Ainouche},
	title = {Uniformity of the nuclear and chloroplast genomes of Spartina maritima (Poaceae), a salt-marsh species in decline along the Western European Coast},
	journal = {Heredity}
}