@article{ID0345446600,
	doi = {10.1034/j.1600-0706.2003.12274.x},
	url = {https://doi.org/10.1034%2Fj.1600-0706.2003.12274.x},
	year = 2003,
	month = {nov},
	publisher = {Wiley-Blackwell},
	volume = {103},
	number = {2},
	pages = {274-292},
	author = {Rudi Drent and Christiaan Both and Martin Green and Jesper Madsen and Theunis Piersma},
	title = {Pay-offs and penalties of competing migratory schedules},
	journal = {Oikos}
}