@article{ID0346305112,
	doi = {10.1086/376431},
	url = {https://doi.org/10.1086%2F376431},
	year = 2003,
	month = {sep},
	publisher = {University of Chicago Press},
	volume = {76},
	number = {5},
	pages = {753-761},
	author = {Oliver~P. Love and Laird~J. Shutt and Joel~S. Silfies and David~M. Bird},
	title = {Repeated Restraint and Sampling Results in Reduced Corticosterone Levels in Developing and Adult Captive American Kestrels (Falco sparverius)},
	journal = {Physiological and Biochemical Zoology}
}