@article{ID0347388385,
	doi = {10.1046/j.1469-8137.2003.00926.x},
	url = {https://doi.org/10.1046%2Fj.1469-8137.2003.00926.x},
	year = 2003,
	month = {nov},
	publisher = {Wiley-Blackwell},
	volume = {161},
	number = {1},
	pages = {165-172},
	author = {Malika L. Ainouche and Alex Baumel and Armel Salmon and Glenn Yannic},
	title = {Hybridization, polyploidy and speciation in Spartina (Poaceae)},
	journal = {New Phytologist}
}