@article{ID0642344932,
	doi = {10.1098/rspb.2003.2415},
	url = {https://doi.org/10.1098%2Frspb.2003.2415},
	year = 2003,
	month = {oct},
	publisher = {The Royal Society},
	volume = {270},
	number = {1529},
	pages = {2087-2096},
	author = {N. C. Stenseth and G. Ottersen and J. W. Hurrell and A. Mysterud and M. Lima and K.-S. Chan and N. G. Yoccoz and B. Adlandsvik},
	title = {Studying climate effects on ecology through the use of climate indices: The North Atlantic Oscillation, El Ni√±o Southern Oscillation and beyond},
	journal = {Proceedings of the Royal Society B: Biological Sciences}
}