@article{ID0742288188,
	doi = {10.1086/379203},
	url = {https://doi.org/10.1086%2F379203},
	year = 2003,
	month = {dec},
	publisher = {University of Chicago Press},
	volume = {162},
	number = {6},
	pages = {780-795},
	author = {Michael~B. Bonsall and Robert~D. Holt},
	title = {The Effects of Enrichment on the Dynamics of Apparent Competitive Interactions in Stage-Structured Systems},
	journal = {The American Naturalist}
}