@article{ID10344257553,
	doi = {10.1017/s0952836904005862},
	url = {https://doi.org/10.1017%2Fs0952836904005862},
	year = 2004,
	month = {dec},
	publisher = {Wiley-Blackwell},
	volume = {264},
	number = {4},
	pages = {391-397},
	author = {S. Devin and L. Bollache and J.-N. Beisel and J.-C. Moreteau and M.-J. Perrot-Minnot},
	title = {Pigmentation polymorphism in the invasive amphipod Dikerogammarus villosus: Some insights into its maintenance},
	journal = {Journal of Zoology}
}