@article{ID10244267652,
	doi = {10.1016/j.rvsc.2004.07.010},
	url = {https://doi.org/10.1016%2Fj.rvsc.2004.07.010},
	year = 2005,
	month = {apr},
	publisher = {Elsevier {BV}},
	volume = {78},
	number = {2},
	pages = {161-167},
	author = {K. K. S{\o}rensen and T. M{\o}rk and {\'{O}}. G. Sigur{\dh}ard{\'{o}}ttir and K. {\AA}sbakk and J. {\AA}kerstedt and B. Bergsj{\o} and E. Fuglei},
	title = {Acute toxoplasmosis in three wild arctic foxes (Alopex lagopus) from Svalbard; one with co-infections of Salmonella Enteritidis PT1 and Yersinia pseudotuberculosis serotype 2b},
	journal = {Research in Veterinary Science}
}