@article{ID10744230085,
	doi = {10.1023/b:coge.0000014060.54070.45},
	url = {https://doi.org/10.1023%2Fb%3Acoge.0000014060.54070.45},
	year = 2004,
	publisher = {Springer Nature},
	volume = {5},
	number = {1},
	pages = {109-111},
	author = {Love Dal{\'{e}}n and Anders Götherström and Anders Angerbjörn},
	title = {Identifying species from pieces of faeces},
	journal = {Conservation Genetics}
}