@article{ID11144342774,
	doi = {10.1111/j.0906-7590.2004.04188.x},
	url = {https://doi.org/10.1111%2Fj.0906-7590.2004.04188.x},
	year = 2004,
	month = {dec},
	publisher = {Wiley-Blackwell},
	volume = {27},
	number = {6},
	pages = {827-828},
	title = {Erratum: Potential impact of climatic change on the distribution of forest herbs in Europe (Ecography 27 (366-380))},
	journal = {Ecography}
}