@article{ID11144357530,
	doi = {10.1073/pnas.0307123101},
	url = {https://doi.org/10.1073%2Fpnas.0307123101},
	year = 2004,
	month = {apr},
	publisher = {Proceedings of the National Academy of Sciences},
	volume = {101},
	number = {16},
	pages = {6056-6061},
	author = {N. C. Stenseth and D. Ehrich and E. K. Rueness and O. C. Lingjaerde and K.-S. Chan and S. Boutin and M. O{\textquotesingle}Donoghue and D. A. Robinson and H. Viljugrein and K. S. Jakobsen},
	title = {The effect of climatic forcing on population synchrony and genetic structuring of the Canadian lynx},
	journal = {Proceedings of the National Academy of Sciences}
}