@article{ID11144358388,
	doi = {10.1111/j.0022-0477.2004.00876.x},
	url = {https://doi.org/10.1111%2Fj.0022-0477.2004.00876.x},
	year = 2004,
	month = {apr},
	publisher = {Wiley-Blackwell},
	volume = {92},
	number = {2},
	pages = {214-229},
	author = {Renato Valencia and Robin B. Foster and Gorky Villa and Richard Condit and Jens-Christian Svenning and Consuelo Hernandez and Katya Romoleroux and Elizabeth Losos and Else Magard and Henrik Balslev},
	title = {Tree species distributions and local habitat variation in the Amazon: Large forest plot in eastern Ecuador},
	journal = {Journal of Ecology}
}