@article{ID1242337306,
	doi = {10.1098/rspb.2003.2599},
	url = {https://doi.org/10.1098%2Frspb.2003.2599},
	year = 2004,
	month = {feb},
	publisher = {The Royal Society},
	volume = {271},
	number = {1537},
	pages = {381-385},
	author = {H. C. Pedersen and H. Steen and L. Kastdalen and H. Broseth and R. A. Ims and W. Svendsen and N. G. Yoccoz},
	title = {Weak compensation of harvest despite strong density-dependent growth in willow ptarmigan},
	journal = {Proceedings of the Royal Society B: Biological Sciences}
}