@article{ID1242294437,
	doi = {10.1016/j.marpolbul.2003.08.027},
	url = {https://doi.org/10.1016%2Fj.marpolbul.2003.08.027},
	year = 2004,
	month = {mar},
	publisher = {Elsevier {BV}},
	volume = {48},
	number = {5-6},
	pages = {504-513},
	author = {J. C Franson and T. E Hollm{\'{e}}n and P. L Flint and J. B Grand and R. B Lanctot},
	title = {Contaminants in molting long-tailed ducks and nesting common eiders in the Beaufort Sea},
	journal = {Marine Pollution Bulletin}
}