@article{ID12744278282,
	doi = {10.1016/j.baae.2004.09.009},
	url = {https://doi.org/10.1016%2Fj.baae.2004.09.009},
	year = 2005,
	month = {jan},
	publisher = {Elsevier {BV}},
	volume = {6},
	number = {1},
	pages = {57-66},
	author = {Niels M. Schmidt and Henrik Olsen and Mogens Bilds{\o}e and Vincent Sluydts and Herwig Leirs},
	title = {Effects of grazing intensity on small mammal population ecology in wet meadows},
	journal = {Basic and Applied Ecology}
}