@article{ID12244260076,
	doi = {10.1016/s1095-6433(02)00184-8},
	url = {https://doi.org/10.1016%2Fs1095-6433%2802%2900184-8},
	year = 2003,
	month = {jan},
	publisher = {Elsevier {BV}},
	volume = {134},
	number = {1},
	pages = {63-68},
	author = {{\O}ystein Ahlstr{\o}m and Eva Fuglei and Liv Torunn Mydland},
	title = {Comparative nutrient digestibility of arctic foxes (Alopex lagopus) on Svalbard and farm-raised blue foxes (Alopex lagopus)},
	journal = {Comparative Biochemistry and Physiology Part A: Molecular {\&} Integrative Physiology}
}