@article{ID12444280085,
	doi = {10.1111/j.1365-294x.2004.02380.x},
	url = {https://doi.org/10.1111%2Fj.1365-294x.2004.02380.x},
	year = 2004,
	month = {nov},
	publisher = {Wiley-Blackwell},
	volume = {14},
	number = {1},
	pages = {171-178},
	author = {M. RUOKONEN and T. AARVAK and J. MADSEN},
	title = {Colonization history of the high-arctic pink-footed goose Anser brachyrhynchus},
	journal = {Molecular Ecology}
}