@article{ID12344326138,
	doi = {10.1071/wr03131},
	url = {https://doi.org/10.1071%2Fwr03131},
	year = 2004,
	publisher = {{CSIRO} Publishing},
	volume = {31},
	number = {5},
	pages = {465},
	author = {Charles J. Krebs and Alice J. Kenney and Grant R. Singleton and Greg Mutze and Roger P. Pech and Peter R. Brown and Stephen A. Davis},
	title = {Can outbreaks of house mice in south-eastern Australia be predicted by weather models?},
	journal = {Wildlife Research}
}