@article{ID13444273614,
	doi = {10.1111/j.0030-1299.2005.13147.x},
	url = {https://doi.org/10.1111%2Fj.0030-1299.2005.13147.x},
	year = 2005,
	month = {jan},
	publisher = {Wiley-Blackwell},
	volume = {108},
	number = {1},
	pages = {18-27},
	author = {Robert D. Holt and Timothy H. Keitt and Mark A. Lewis and Brian A. Maurer and Mark L. Taper},
	title = {Theoretical models of species' borders: Single species approaches},
	journal = {Oikos}
}