@article{ID1342311926,
	doi = {10.1007/s10164-003-0106-y},
	url = {https://doi.org/10.1007%2Fs10164-003-0106-y},
	year = 2004,
	month = {jan},
	publisher = {Springer Nature},
	volume = {22},
	number = {1},
	pages = {85-89},
	author = {Iain J. Stenhouse and H. Grant Gilchrist and William A. Montevecchi},
	title = {Reproductive investment and parental roles in Sabine's gulls Xema sabini},
	journal = {Journal of Ethology}
}