@article{ID13244275180,
	doi = {10.1111/j.1095-8312.2005.00415.x},
	url = {https://doi.org/10.1111%2Fj.1095-8312.2005.00415.x},
	year = 2004,
	month = {dec},
	publisher = {Oxford University Press ({OUP})},
	volume = {84},
	number = {1},
	pages = {79-89},
	author = {LOVE DAL{\'{E}}N and EVA FUGLEI and P{\'{A}}LL HERSTEINSSON and CHRISTIAN M. O. KAPEL and JAMES D. ROTH and GUSTAF SAMELIUS and MAGNUS TANNERFELDT and ANDERS ANGERBJÃ–RN},
	title = {Population history and genetic structure of a circumpolar species: The arctic fox},
	journal = {Biological Journal of the Linnean Society}
}