@article{ID13444283698,
	doi = {10.1111/j.0908-8857.2005.03331.x},
	url = {https://doi.org/10.1111%2Fj.0908-8857.2005.03331.x},
	year = 2005,
	month = {jan},
	publisher = {Wiley-Blackwell},
	volume = {36},
	number = {1},
	pages = {57-63},
	author = {David Gr{\'{e}}millet and Christophe Chauvin and Rory P. Wilson and Yvon Le Maho and Sarah Wanless},
	title = {Unusual feather structure allows partial plumage wettability in diving great cormorants Phalacrocorax carbo},
	journal = {Journal of Avian Biology}
}