@article{ID13444256526,
	doi = {10.1111/j.0030-1299.2005.13535.x},
	url = {https://doi.org/10.1111%2Fj.0030-1299.2005.13535.x},
	year = 2005,
	month = {feb},
	publisher = {Wiley-Blackwell},
	volume = {108},
	number = {2},
	pages = {231-240},
	author = {Elizabeth A. Gillis and David S. Hik and Rudy Boonstra and Tim J. Karels and Charles J. Krebs},
	title = {Being high is better: Effects of elevation and habitat on arctic ground squirrel demography},
	journal = {Oikos}
}