@article{ID13444258094,
	doi = {10.1111/j.0030-1299.2005.13145.x},
	url = {https://doi.org/10.1111%2Fj.0030-1299.2005.13145.x},
	year = 2005,
	month = {jan},
	publisher = {Wiley-Blackwell},
	volume = {108},
	number = {1},
	pages = {3-6},
	author = {Robert D. Holt and Timothy H. Keitt},
	title = {Species' borders: A unifying theme in ecology},
	journal = {Oikos}
}