@article{ID1342290168,
	doi = {10.1139/z03-185},
	url = {https://doi.org/10.1139%2Fz03-185},
	year = 2003,
	month = {nov},
	publisher = {Canadian Science Publishing},
	volume = {81},
	number = {11},
	pages = {1862-1875},
	author = {Deborah L Lacroix and Richard B Lanctot and John A Reed and Trent L McDonald},
	title = {Effect of underwater seismic surveys on molting male Long-tailed Ducks in the Beaufort Sea, Alaska},
	journal = {Canadian Journal of Zoology}
}