@article{ID13044257725,
	doi = {10.1073/pnas.95.26.15430},
	url = {https://doi.org/10.1073%2Fpnas.95.26.15430},
	year = 1998,
	month = {dec},
	publisher = {Proceedings of the National Academy of Sciences},
	volume = {95},
	number = {26},
	pages = {15430-15435},
	author = {N. C. Stenseth and W. Falck and K.-S. Chan and O. N. Bjornstad and M. O{\textquotesingle}Donoghue and H. Tong and R. Boonstra and S. Boutin and C. J. Krebs and N. G. Yoccoz},
	title = {From patterns to processes: Phase and density dependencies in the Canadian lynx cycle},
	journal = {Proceedings of the National Academy of Sciences}
}