@article{ID13944263696,
	doi = {10.1111/j.0906-7590.2005.04033.x},
	url = {https://doi.org/10.1111%2Fj.0906-7590.2005.04033.x},
	year = 2005,
	month = {feb},
	publisher = {Wiley-Blackwell},
	volume = {28},
	number = {1},
	pages = {81-87},
	author = {Hans Henrik Bruun and Sofia Österdahl and Jon Moen and Anders Angerbjörn},
	title = {Distinct patterns in alpine vegetation around dens of the Arctic fox},
	journal = {Ecography}
}