@article{ID13444284040,
	doi = {10.1111/j.0030-1299.2005.13148.x},
	url = {https://doi.org/10.1111%2Fj.0030-1299.2005.13148.x},
	year = 2005,
	month = {jan},
	publisher = {Wiley-Blackwell},
	volume = {108},
	number = {1},
	pages = {28-46},
	author = {Ted J. Case and Robert D. Holt and Mark A. McPeek and Timothy H. Keitt},
	title = {The community context of species' borders: Ecological and evolutionary perspectives},
	journal = {Oikos}
}