@article{ID1542542768,
	doi = {10.1086/381408},
	url = {https://doi.org/10.1086%2F381408},
	year = 2004,
	month = {feb},
	publisher = {University of Chicago Press},
	volume = {163},
	number = {2},
	pages = {253-262},
	author = {Robert~D. Holt and Tiffany~M. Knight and Michael Barfield},
	title = {Allee effects, immigration, and the evolution of species' niches},
	journal = {The American Naturalist}
}