@article{ID15444377467,
	doi = {10.1111/j.1461-0248.2005.00727.x},
	url = {https://doi.org/10.1111%2Fj.1461-0248.2005.00727.x},
	year = 2005,
	month = {feb},
	publisher = {Wiley-Blackwell},
	volume = {8},
	number = {3},
	pages = {328-335},
	author = {John M. Fryxell and John F. Wilmshurst and Anthony R. E. Sinclair and Daniel T. Haydon and Robert D. Holt and Peter A. Abrams},
	title = {Landscape scale, heterogeneity, and the viability of Serengeti grazers},
	journal = {Ecology Letters}
}