@article{ID1542648583,
	doi = {10.1111/j.0030-1299.2004.12634.x},
	url = {https://doi.org/10.1111%2Fj.0030-1299.2004.12634.x},
	year = 2004,
	month = {apr},
	publisher = {Wiley-Blackwell},
	volume = {105},
	number = {1},
	pages = {89-100},
	author = {Rolf A. Ims and Hans Petter Leinaas and Steve Coulson},
	title = {Spatial and temporal variation in patch occupancy and population density in a model system of an arctic Collembola species assemblage},
	journal = {Oikos}
}