@article{ID15744380837,
	doi = {10.1016/j.agee.2004.09.010},
	url = {https://doi.org/10.1016%2Fj.agee.2004.09.010},
	year = 2005,
	month = {may},
	publisher = {Elsevier {BV}},
	volume = {107},
	number = {1},
	pages = {75-82},
	author = {Grant R. Singleton and Sudarmaji and J. Jacob and C. J. Krebs},
	title = {Integrated management to reduce rodent damage to lowland rice crops in Indonesia},
	journal = {Agriculture, Ecosystems {\&} Environment}
}