@article{ID1542298928,
	doi = {10.1016/j.jtbi.2003.11.013},
	url = {https://doi.org/10.1016%2Fj.jtbi.2003.11.013},
	year = 2004,
	month = {apr},
	publisher = {Elsevier {BV}},
	volume = {227},
	number = {3},
	pages = {359-368},
	author = {Jonathan B. Shurin and Priyanga Amarasekare and Jonathan M. Chase and Robert D. Holt and Martha F. Hoopes and Mathew A. Leibold},
	title = {Alternative stable states and regional community structure},
	journal = {Journal of Theoretical Biology}
}