@article{ID15444366751,
	doi = {10.1073/pnas.0500094102},
	url = {https://doi.org/10.1073%2Fpnas.0500094102},
	year = 2005,
	month = {mar},
	publisher = {Proceedings of the National Academy of Sciences},
	volume = {102},
	number = {12},
	pages = {4393-4396},
	author = {V. H. Smith and B. L. Foster and J. P. Grover and R. D. Holt and M. A. Leibold and F. deNoyelles},
	title = {Phytoplankton species richness scales consistently from laboratory microcosms to the world's oceans},
	journal = {Proceedings of the National Academy of Sciences}
}