@article{ID15944378208,
	doi = {10.1111/j.1095-8312.2005.00458.x},
	url = {https://doi.org/10.1111%2Fj.1095-8312.2005.00458.x},
	year = 2005,
	month = {mar},
	publisher = {Oxford University Press ({OUP})},
	volume = {84},
	number = {3},
	pages = {617-627},
	author = {GRANT R. SINGLETON and PETER R. BROWN and ROGER P. PECH and JENS JACOB and GREG J. MUTZE and CHARLES J. KREBS},
	title = {One hundred years of eruptions of house mice in Australia - A natural biological curio},
	journal = {Biological Journal of the Linnean Society}
}