@article{ID1642483697,
	doi = {10.1046/j.1365-294x.2003.02029.x},
	url = {https://doi.org/10.1046%2Fj.1365-294x.2003.02029.x},
	year = 2004,
	month = {jan},
	publisher = {Wiley-Blackwell},
	volume = {13},
	number = {1},
	pages = {195-202},
	author = {M. Clinchy and A. C. Taylor and L. Y. Zanette and C. J. Krebs and P. J. Jarman},
	title = {Body size, age and paternity in common brushtail possums (Trichosurus vulpecula)},
	journal = {Molecular Ecology}
}