@article{ID1642364276,
	doi = {10.1007/s00360-003-0400-6},
	url = {https://doi.org/10.1007%2Fs00360-003-0400-6},
	year = 2004,
	month = {mar},
	publisher = {Springer Nature},
	volume = {174},
	number = {2},
	pages = {157-162},
	author = {A.-M. Mustonen and P. Nieminen and E. Fuglei},
	title = {Effects of season, food deprivation and re-feeding on leptin, ghrelin and growth hormone in arctic foxes (Alopex lagopus) on Svalbard, Norway},
	journal = {Journal of Comparative Physiology B: Biochemical, Systemic, and Environmental Physiology}
}