@article{ID16844369866,
	doi = {10.1111/j.0269-8463.2005.00942.x},
	url = {https://doi.org/10.1111%2Fj.0269-8463.2005.00942.x},
	year = 2005,
	month = {feb},
	publisher = {Wiley-Blackwell},
	volume = {19},
	number = {1},
	pages = {119-128},
	author = {F. VEZINA and T. D. WILLIAMS},
	title = {Interaction between organ mass and citrate synthase activity as an indicator of tissue maximal oxidative capacity in breeding European Starlings: Implications for metabolic rate and organ mass relationships},
	journal = {Functional Ecology}
}