@article{ID17544390635,
	doi = {10.1046/j.1420-9101.2003.00663.x},
	url = {https://doi.org/10.1046%2Fj.1420-9101.2003.00663.x},
	year = 2003,
	month = {nov},
	publisher = {Wiley-Blackwell},
	volume = {17},
	number = {1},
	pages = {19-32},
	author = {C. P{\'{e}}labon and M. L. Carlson and T. F. Hansen and N. G. Yoccoz and W. S. Armbruster},
	title = {Consequences of inter-population crosses on developmental stability and canalization of floral traits in Dalechampia scandens (Euphorbiaceae)},
	journal = {Journal of Evolutionary Biology}
}