@article{ID17644411127,
	doi = {10.1111/j.1365-294x.2005.02533.x},
	url = {https://doi.org/10.1111%2Fj.1365-294x.2005.02533.x},
	year = 2005,
	month = {apr},
	publisher = {Wiley-Blackwell},
	volume = {14},
	number = {5},
	pages = {1585-1596},
	author = {L. R. PRUGH and C. E. RITLAND and S. M. ARTHUR and C. J. KREBS},
	title = {Monitoring coyote population dynamics by genotyping faeces},
	journal = {Molecular Ecology}
}