@article{ID17644412352,
	doi = {10.1644/ber-126.1},
	url = {https://doi.org/10.1644%2Fber-126.1},
	year = 2005,
	month = {apr},
	publisher = {Oxford University Press ({OUP})},
	volume = {86},
	number = {2},
	pages = {380-385},
	author = {Dorothee Ehrich and Per Erik Jorde},
	title = {High genetic variability despite high-amplitude population cycles in lemmings},
	journal = {Journal of Mammalogy}
}