@article{ID1842760566,
	doi = {10.1078/1439-1791-00226},
	url = {https://doi.org/10.1078%2F1439-1791-00226},
	year = 2004,
	month = {jan},
	publisher = {Elsevier {BV}},
	volume = {5},
	number = {2},
	pages = {203-210},
	author = {Henrik Olsen and Niels M. Schmidt},
	title = {Impacts of wet grassland management and winter severity on wader breeding numbers in eastern Denmark},
	journal = {Basic and Applied Ecology}
}