@article{ID1842736451,
	doi = {10.1016/j.ygcen.2004.01.010},
	url = {https://doi.org/10.1016%2Fj.ygcen.2004.01.010},
	year = 2004,
	month = {may},
	publisher = {Elsevier {BV}},
	volume = {136},
	number = {3},
	pages = {346-352},
	author = {T. D. Williams and A. S. Kitaysky and F. V{\'{e}}zina},
	title = {Individual variation in plasma estradiol-17Î² and androgen levels during egg formation in the European starling Sturnus vulgaris: Implications for regulation of yolk steroids},
	journal = {General and Comparative Endocrinology}
}