@article{ID19944432906,
	doi = {10.1038/433212a},
	url = {https://doi.org/10.1038%2F433212a},
	year = 2005,
	month = {jan},
	publisher = {Springer Nature},
	volume = {433},
	number = {7023},
	pages = {212-212},
	author = {Roger T. Hanlon and Mari{\'{e}}-Jose Naud and Paul W. Shaw and Jon N. Havenhand},
	title = {Behavioural ecology: Transient sexual mimicry leads to fertilization},
	journal = {Nature}
}