@article{ID1942508943,
	doi = {10.1016/j.beproc.2004.01.010},
	url = {https://doi.org/10.1016%2Fj.beproc.2004.01.010},
	year = 2004,
	month = {may},
	publisher = {Elsevier {BV}},
	volume = {66},
	number = {2},
	pages = {131-137},
	author = {L. Bollache and F. Cezilly},
	title = {State-dependent pairing behaviour in male Gammarus pulex (L.) (Crustacea, Amphipoda): Effects of time left to moult and prior pairing status},
	journal = {Behavioural Processes}
}