@article{ID19944385969,
	doi = {10.1139/a05-004},
	url = {https://doi.org/10.1139%2Fa05-004},
	year = 2004,
	month = {dec},
	publisher = {Canadian Science Publishing},
	volume = {12},
	number = {4},
	pages = {197-218},
	author = {Mark L Mallory and Birgit M Braune and Mark Wayland and H Grant Gilchrist and D Lynne Dickson},
	title = {Contaminants in common eiders (Somateria mollissima) of the Canadian Arctic},
	journal = {Environmental Reviews}
}