@article{ID19944362146,
	doi = {10.1111/j.0269-8463.2004.00914.x},
	url = {https://doi.org/10.1111%2Fj.0269-8463.2004.00914.x},
	year = 2004,
	month = {dec},
	publisher = {Wiley-Blackwell},
	volume = {18},
	number = {6},
	pages = {793-801},
	author = {D. GREMILLET and G. KUNTZ and F. DELBART and M. MELLET and A. KATO and J.-P. ROBIN and P.-E. CHAILLON and J.-P. GENDNER and S.-H. LORENTSEN and Y. LE MAHO},
	title = {Linking the foraging performance of a marine predator to local prey abundance},
	journal = {Functional Ecology}
}