@article{ID20444417829,
	doi = {10.1016/j.fishres.2005.02.005},
	url = {https://doi.org/10.1016%2Fj.fishres.2005.02.005},
	year = 2005,
	month = {aug},
	publisher = {Elsevier {BV}},
	volume = {74},
	number = {1-3},
	pages = {210-222},
	author = {Jan Davidsen and Martin-A. Svenning and Panu Orell and Nigel Yoccoz and J. Brian Dempson and Eero Niemel√§ and Anders Klemetsen and Anders Lamberg and Jaakko Erkinaro},
	title = {Spatial and temporal migration of wild Atlantic salmon smolts determined from a video camera array in the sub-Arctic River Tana},
	journal = {Fisheries Research}
}