@article{ID20444431940,
	doi = {10.1111/j.0906-7590.2005.04179.x},
	url = {https://doi.org/10.1111%2Fj.0906-7590.2005.04179.x},
	year = 2005,
	month = {jun},
	publisher = {Wiley-Blackwell},
	volume = {28},
	number = {3},
	pages = {331-344},
	author = {Anthony J. Gaston and H. Grant Gilchrist and Mark L. Mallory},
	title = {Variation in ice conditions has strong effects on the breeding of marine birds at Prince Leopold Island, Nunavut},
	journal = {Ecography}
}