@article{ID20844445946,
	doi = {10.1111/j.1365-2486.2005.00944.x},
	url = {https://doi.org/10.1111%2Fj.1365-2486.2005.00944.x},
	year = 2005,
	month = {jun},
	publisher = {Wiley-Blackwell},
	volume = {11},
	number = {6},
	pages = {856-868},
	author = {Gilles Gauthier and Jean-Francois Giroux and Austin Reed and Arnaud Bechet and Luc Belanger},
	title = {Interactions between land use, habitat use, and population increase in greater snow geese: What are the consequences for natural wetlands?},
	journal = {Global Change Biology}
}