@article{ID20444385888,
	doi = {10.1644/1545-1542(2005)86[514:smgian]2.0.co;2},
	url = {https://doi.org/10.1644%2F1545-1542%282005%2986%5B514%3Asmgian%5D2.0.co%3B2},
	year = 2005,
	month = {jun},
	publisher = {Oxford University Press ({OUP})},
	volume = {86},
	number = {3},
	pages = {514-519},
	author = {Dominique Berteaux and Ilya Klvana and Caroline Trudeau},
	title = {Spring-to-fall mass gain in a northern population of North American porcupines},
	journal = {Journal of Mammalogy}
}