@article{ID20544474797,
	doi = {10.1016/j.foreco.2005.03.017},
	url = {https://doi.org/10.1016%2Fj.foreco.2005.03.017},
	year = 2005,
	month = {jul},
	publisher = {Elsevier {BV}},
	volume = {213},
	number = {1-3},
	pages = {151-159},
	author = {Nicole Fenton and Nicolas Lecomte and Sonia L{\'{e}}gar{\'{e}} and Yves Bergeron},
	title = {Paludification in black spruce (Picea mariana) forests of eastern Canada: Potential factors and management implications},
	journal = {Forest Ecology and Management}
}