@article{ID20544444998,
	doi = {10.1016/j.foreco.2005.03.020},
	url = {https://doi.org/10.1016%2Fj.foreco.2005.03.020},
	year = 2005,
	month = {jul},
	publisher = {Elsevier {BV}},
	volume = {213},
	number = {1-3},
	pages = {175-183},
	author = {Thomas Boll and Jens-Christian Svenning and Jaana Vormisto and Signe Normand and C{\'{e}}sar Gr{\'{a}}ndez and Henrik Balslev},
	title = {Spatial distribution and environmental preferences of the piassaba palm Aphandra natalia (Arecaceae) along the Pastaza and Urituyacu rivers in Peru},
	journal = {Forest Ecology and Management}
}