@article{ID2042419018,
	doi = {10.1111/j.1474-919x.2003.00250.x},
	url = {https://doi.org/10.1111%2Fj.1474-919x.2003.00250.x},
	year = 2003,
	month = {dec},
	publisher = {Wiley-Blackwell},
	volume = {146},
	number = {2},
	pages = {281-290},
	author = {Yan Ropert-Coudert and David Gr{\'{e}}millet and Peter Ryan and Akiko Kato and Yasuhiko Naito and Yvon Le Maho},
	title = {Between air and water: The plunge dive of the Cape Gannet Morus capensis},
	journal = {Ibis}
}