@article{ID20844448502,
	doi = {10.1111/j.1365-2486.2005.00941.x},
	url = {https://doi.org/10.1111%2Fj.1365-2486.2005.00941.x},
	year = 2005,
	month = {jun},
	publisher = {Wiley-Blackwell},
	volume = {11},
	number = {6},
	pages = {881-893},
	author = {A. D. Fox and J. Madsen and H. Boyd and E. Kuijken and D. W. Norriss and I. M. Tombre and D. A. Stroud},
	title = {Effects of agricultural change on abundance, fitness components and distribution of two arctic-nesting goose populations},
	journal = {Global Change Biology}
}