@article{ID20444469351,
	doi = {10.1139/b05-013},
	url = {https://doi.org/10.1139%2Fb05-013},
	year = 2005,
	month = {apr},
	publisher = {Canadian Science Publishing},
	volume = {83},
	number = {4},
	pages = {399-404},
	author = {Michael C Melnychuk and Charles J Krebs},
	title = {Residual effects of NPK fertilization on shrub growth in a Yukon boreal forest},
	journal = {Canadian Journal of Botany}
}