@article{ID20144371369,
	doi = {10.1111/j.1365-2699.2005.01219.x},
	url = {https://doi.org/10.1111%2Fj.1365-2699.2005.01219.x},
	year = 2005,
	month = {may},
	publisher = {Wiley-Blackwell},
	volume = {32},
	number = {6},
	pages = {1019-1033},
	author = {Jens-Christian Svenning and Flemming Skov},
	title = {The relative roles of environment and history as controls of tree species composition and richness in Europe},
	journal = {Journal of Biogeography}
}