@article{ID20044362181,
	doi = {10.1086/430330},
	url = {https://doi.org/10.1086%2F430330},
	year = 2005,
	month = {jul},
	publisher = {University of Chicago Press},
	volume = {166},
	number = {1},
	pages = {119-123},
	author = {J.-M. Gaillard and N. ~G. Yoccoz and J.-D. Lebreton and C. Bonenfant and S. Devillard and A. Loison and D. Pontier and D. Allaine},
	title = {Generation time: A reliable metric to measure life-history variation among mammalian populations},
	journal = {The American Naturalist}
}