@article{ID20844433657,
	doi = {10.2193/0022-541x(2005)069[0561:shogsg]2.0.co;2},
	url = {https://doi.org/10.2193%2F0022-541x%282005%29069%5B0561%3Ashogsg%5D2.0.co%3B2},
	year = 2005,
	month = {apr},
	publisher = {Wiley-Blackwell},
	volume = {69},
	number = {2},
	pages = {561-573},
	author = {ANNA M. CALVERT and GILLES GAUTHIER and AUSTIN REED},
	editor = {Guliano},
	title = {Spatiotemporal heterogeneity of greater snow goose harvest and implications for hunting regulations},
	journal = {Journal of Wildlife Management}
}