@article{ID21244489676,
	doi = {10.1111/j.1365-2664.2005.01042.x},
	url = {https://doi.org/10.1111%2Fj.1365-2664.2005.01042.x},
	year = 2005,
	month = {jun},
	publisher = {Wiley-Blackwell},
	volume = {42},
	number = {3},
	pages = {442-452},
	author = {ANNA M. CALVERT and GILLES GAUTHIER},
	title = {Effects of exceptional conservation measures on survival and seasonal hunting mortality in greater snow geese},
	journal = {Journal of Applied Ecology}
}