@article{ID21744447339,
	doi = {10.1098/rspb.2004.3031},
	url = {https://doi.org/10.1098%2Frspb.2004.3031},
	year = 2005,
	month = {may},
	publisher = {The Royal Society},
	volume = {272},
	number = {1567},
	pages = {1047-1051},
	author = {M.-J. Naud and P. W Shaw and R. T Hanlon and J. N Havenhand},
	title = {Evidence for biased use of sperm sources in wild female giant cuttlefish (Sepia apama)},
	journal = {Proceedings of the Royal Society B: Biological Sciences}
}