@article{ID21844454728,
	doi = {10.1016/j.icesjms.2005.03.007},
	url = {https://doi.org/10.1016%2Fj.icesjms.2005.03.007},
	year = 2005,
	month = {aug},
	publisher = {Oxford University Press ({OUP})},
	volume = {62},
	number = {5},
	pages = {966-983},
	author = {E HUTIN and Y SIMARD and P ARCHAMBAULT},
	title = {Acoustic detection of a scallop bed from a single-beam echosounder in the St. Lawrence},
	journal = {{ICES} Journal of Marine Science}
}