@article{ID22144440176,
	doi = {10.1016/j.agee.2005.02.023},
	url = {https://doi.org/10.1016%2Fj.agee.2005.02.023},
	year = 2005,
	month = {sep},
	publisher = {Elsevier {BV}},
	volume = {109},
	number = {3-4},
	pages = {284-296},
	author = {Ingunn M. Tombre and Hans T{\o}mmervik and Jesper Madsen},
	title = {Land use changes and goose habitats, assessed by remote sensing techniques, and corresponding goose distribution, in Vester√•len, Northern Norway},
	journal = {Agriculture, Ecosystems {\&} Environment}
}