@article{ID22044441467,
	doi = {10.1098/rspb.2004.3025},
	url = {https://doi.org/10.1098%2Frspb.2004.3025},
	year = 2005,
	month = {may},
	publisher = {The Royal Society},
	volume = {272},
	number = {1566},
	pages = {913-918},
	author = {R. A Ims and H. P Andreassen},
	title = {Density-dependent dispersal and spatial population dynamics},
	journal = {Proceedings of the Royal Society B: Biological Sciences}
}