@article{ID22744442720,
	doi = {10.1111/j.1474-919x.2005.00436.x},
	url = {https://doi.org/10.1111%2Fj.1474-919x.2005.00436.x},
	year = 2005,
	month = {jun},
	publisher = {Wiley-Blackwell},
	volume = {147},
	number = {3},
	pages = {587-597},
	author = {JESPER NYSTRÖM and JOHAN EKENSTEDT and JOHAN ENGSTRÖM and ANDERS ANGERBJÖRN},
	title = {Gyr Falcons, ptarmigan and microtine rodents in northern Sweden},
	journal = {Ibis}
}