@article{ID23144462798,
	doi = {10.1242/jeb.01675},
	url = {https://doi.org/10.1242%2Fjeb.01675},
	year = 2005,
	month = {jul},
	publisher = {The Company of Biologists},
	volume = {208},
	number = {13},
	pages = {2533-2538},
	author = {F. Vezina},
	title = {The metabolic cost of egg production is repeatable},
	journal = {Journal of Experimental Biology}
}