@article{ID2342477368,
	doi = {10.1086/383594},
	url = {https://doi.org/10.1086%2F383594},
	year = 2004,
	month = {may},
	publisher = {University of Chicago Press},
	volume = {163},
	number = {5},
	pages = {763-772},
	author = {Rolf Langvatn and Atle Mysterud and Nils~C. Stenseth and Nigel~G. Yoccoz},
	title = {Timing and synchrony of ovulation in red deer constrained by short northern summers},
	journal = {The American Naturalist}
}