@article{ID23944453610,
	doi = {10.1007/s10164-004-0135-1},
	url = {https://doi.org/10.1007%2Fs10164-004-0135-1},
	year = 2005,
	month = {jan},
	publisher = {Springer Nature},
	volume = {23},
	number = {2},
	pages = {103-108},
	author = {Iain J. Stenhouse and H. Grant Gilchrist and William A. Montevecchi},
	title = {An experimental study examining the anti-predator behaviour of Sabine's gulls (Xema sabini) during breeding},
	journal = {Journal of Ethology}
}