@article{ID23444454653,
	doi = {10.1111/j.1365-2435.2005.00988.x},
	url = {https://doi.org/10.1111%2Fj.1365-2435.2005.00988.x},
	year = 2005,
	month = {jun},
	publisher = {Wiley-Blackwell},
	volume = {19},
	number = {3},
	pages = {383-390},
	author = {J. M. GRINDELAND and N. SLETVOLD and R. A. IMS},
	title = {Effects of floral display size and plant density on pollinator visitation rate in a natural population of Digitalis purpurea},
	journal = {Functional Ecology}
}