@article{ID23044483967,
	doi = {10.1086/431286},
	url = {https://doi.org/10.1086%2F431286},
	year = 2005,
	month = {aug},
	publisher = {University of Chicago Press},
	volume = {166},
	number = {2},
	pages = {246-261},
	author = {Manojit Roy and Robert~D. Holt and Michael Barfield},
	title = {Temporal autocorrelation can enhance the persistence and abundance of metapopulations comprised of coupled sinks},
	journal = {The American Naturalist}
}