@article{ID2342487531,
	doi = {10.1016/j.anbehav.2003.09.010},
	url = {https://doi.org/10.1016%2Fj.anbehav.2003.09.010},
	year = 2004,
	month = {may},
	publisher = {Elsevier {BV}},
	volume = {67},
	number = {5},
	pages = {985-992},
	author = {Yan Ropert-Coudert and David Gr{\'{e}}millet and Akiko Kato and Peter G. Ryan and Yasuhiko Naito and Yvon Le Maho},
	title = {A fine-scale time budget of Cape gannets provides insights into the foraging strategies of coastal seabirds},
	journal = {Animal Behaviour}
}