@article{ID24044474730,
	doi = {10.1007/s00442-005-0118-0},
	url = {https://doi.org/10.1007%2Fs00442-005-0118-0},
	year = 2005,
	month = {jul},
	publisher = {Springer Nature},
	volume = {144},
	number = {4},
	pages = {647-658},
	author = {F. Dalerum and A. Angerbj√∂rn},
	title = {Resolving temporal variation in vertebrate diets using naturally occurring stable isotopes},
	journal = {Oecologia}
}