@article{ID24044533851,
	doi = {10.1007/s00300-005-0731-8},
	url = {https://doi.org/10.1007%2Fs00300-005-0731-8},
	year = 2005,
	month = {may},
	publisher = {Springer Nature},
	volume = {28},
	number = {9},
	pages = {714-724},
	author = {Mikkel P. Tamstorf and Peter Aastrup and L. Christine Cuyler},
	title = {Modelling critical caribou summer ranges in West Greenland},
	journal = {Polar Biology}
}