@article{ID2442689352,
	doi = {10.1127/0003-9136/2004/0160-0057},
	url = {https://doi.org/10.1127%2F0003-9136%2F2004%2F0160-0057},
	year = 2004,
	month = {may},
	publisher = {Schweizerbart},
	volume = {160},
	number = {1},
	pages = {57-66},
	author = {L. Bollache and S. Devin and R. Wattier and M. Chovet and J.-N. Beisel and J.-C. Moreteau and T. Rigaud},
	title = {Rapid range extension of the Ponto-Caspian amphipod Dikerogammarus villosus in France: Potential consequences},
	journal = {Archiv f√ºr Hydrobiologie}
}