@article{ID2442511026,
	doi = {10.1086/382600},
	url = {https://doi.org/10.1086%2F382600},
	year = 2004,
	month = {apr},
	publisher = {University of Chicago Press},
	volume = {163},
	number = {4},
	pages = {606-615},
	author = {Michel Loreau and Robert~D. Holt},
	title = {Spatial flows and the regulation of ecosystems},
	journal = {The American Naturalist}
}