@article{ID25144486593,
	doi = {10.1016/j.peptides.2004.11.040},
	url = {https://doi.org/10.1016%2Fj.peptides.2004.11.040},
	year = 2005,
	month = {oct},
	publisher = {Elsevier {BV}},
	volume = {26},
	number = {10},
	pages = {1814-1817},
	author = {Dag Inge V{\aa}ge and Eva Fuglei and Kristin Snipstad and Janne Beheim and Veslem{\o}y Malm Landsem and Helge Klungland},
	title = {Two cysteine substitutions in the MC1R generate the blue variant of the arctic fox (Alopex lagopus) and prevent expression of the white winter coat},
	journal = {Peptides}
}