@article{ID26844501216,
	doi = {10.1242/jeb.01791},
	url = {https://doi.org/10.1242%2Fjeb.01791},
	year = 2005,
	month = {sep},
	publisher = {The Company of Biologists},
	volume = {208},
	number = {18},
	pages = {3451-3461},
	author = {M. R. Enstipp},
	title = {Energetic costs of diving and thermal status in European shags (Phalacrocorax aristotelis)},
	journal = {Journal of Experimental Biology}
}