@article{ID26444476022,
	doi = {10.1007/s10750-005-4456-z},
	url = {https://doi.org/10.1007%2Fs10750-005-4456-z},
	year = 2005,
	month = {nov},
	publisher = {Springer Nature},
	volume = {551},
	number = {1},
	pages = {137-146},
	author = {Simon Devin and Loïc Bollache and Pierre-Yves Noël and Jean-Nicolas Beisel},
	title = {Patterns of biological invasions in French freshwater systems by non-indigenous macroinvertebrates},
	journal = {Hydrobiologia}
}