@article{ID26944433441,
	doi = {10.1139/z05-049},
	url = {https://doi.org/10.1139%2Fz05-049},
	year = 2005,
	month = {may},
	publisher = {Canadian Science Publishing},
	volume = {83},
	number = {5},
	pages = {754-764},
	author = {Annie Comtois and Dominique Berteaux},
	title = {Impacts of mosquitoes and black flies on defensive behaviour and microhabitat use of the North American porcupine (Erethizon dorsatum) in southern Quebec},
	journal = {Canadian Journal of Zoology}
}