@article{ID26844439794,
	doi = {10.1017/s0030605303000735},
	url = {https://doi.org/10.1017%2Fs0030605303000735},
	year = 2003,
	month = {oct},
	publisher = {Cambridge University Press ({CUP})},
	volume = {37},
	number = {04},
	author = {Finn Danielsen and Marlynn M. Mendoza and Phillip Alviola and Danilo S. Balete and Martin Enghoff and Michael K. Poulsen and Arne E. Jensen},
	title = {Biodiversity monitoring in developing countries: What are we trying to achieve?},
	journal = {Oryx},
	pages = {407-412}
}