@article{ID26444594888,
	doi = {10.1016/j.agee.2005.06.007},
	url = {https://doi.org/10.1016%2Fj.agee.2005.06.007},
	year = 2005,
	month = {dec},
	publisher = {Elsevier {BV}},
	volume = {111},
	number = {1-4},
	pages = {311-320},
	author = {Ingunn M. Tombre and Jesper Madsen and Hans T{\o}mmervik and Karl-Peder Haugen and Einar Eyth{\'{o}}rsson},
	title = {Influence of organised scaring on distribution and habitat choice of geese on pastures in Northern Norway},
	journal = {Agriculture, Ecosystems {\&} Environment}
}