@article{ID2642630729,
	doi = {10.1007/s004420050494},
	url = {https://doi.org/10.1007%2Fs004420050494},
	year = 1998,
	month = {jun},
	publisher = {Springer Nature},
	volume = {115},
	number = {1-2},
	pages = {84-92},
	author = {Dominique Berteaux and Michel Cr{\^{e}}te and Jean Huot and Jean Maltais and Jean-Pierre Ouellet},
	title = {Food choice by white-tailed deer in relation to protein and energy content of the diet: A field experiment},
	journal = {Oecologia}
}