@article{ID2642541810,
	doi = {10.1016/j.biocon.2003.10.025},
	url = {https://doi.org/10.1016%2Fj.biocon.2003.10.025},
	year = 2004,
	month = {sep},
	publisher = {Elsevier {BV}},
	volume = {119},
	number = {1},
	pages = {93-104},
	author = {Thomas Bregnballe and Jesper Madsen and Palle A. F. Rasmussen},
	title = {Effects of temporal and spatial hunting control in waterbird reserves},
	journal = {Biological Conservation}
}