@article{ID26044475846,
	doi = {10.1007/s00442-005-0089-1},
	url = {https://doi.org/10.1007%2Fs00442-005-0089-1},
	year = 2005,
	month = {jul},
	publisher = {Springer Nature},
	volume = {145},
	number = {1},
	pages = {53-65},
	author = {Ragnhild R. Mjaaseth and Snorre B. Hagen and Nigel G. Yoccoz and Rolf A. Ims},
	title = {Phenology and abundance in relation to climatic variation in a sub-arctic insect herbivore-mountain birch system},
	journal = {Oecologia}
}