@article{ID26844456582,
	doi = {10.1017/s0266467405002579},
	url = {https://doi.org/10.1017%2Fs0266467405002579},
	year = 2005,
	month = {oct},
	publisher = {Cambridge University Press ({CUP})},
	volume = {21},
	number = {06},
	pages = {613-626},
	author = {Manuel J. Mac{\'{\i}}a and Jens-Christian Svenning},
	title = {Oligarchic dominance in western Amazonian plant communities},
	journal = {Journal of Tropical Ecology}
}