@article{ID27944483695,
	doi = {10.1007/s11258-005-3996-7},
	url = {https://doi.org/10.1007%2Fs11258-005-3996-7},
	year = 2005,
	month = {nov},
	publisher = {Springer Nature},
	volume = {181},
	number = {1},
	pages = {113-126},
	author = {Rikke P. Thomsen and Jens-Christian Svenning and Henrik Balslev},
	title = {Overstorey control of understorey species composition in a near-natural temperate broadleaved forest in Denmark},
	journal = {Plant Ecology}
}