@article{ID27544443384,
	doi = {10.1007/s00300-005-0001-9},
	url = {https://doi.org/10.1007%2Fs00300-005-0001-9},
	year = 2005,
	month = {sep},
	publisher = {Springer Nature},
	volume = {28},
	number = {10},
	pages = {796-801},
	author = {Olivier Gilg and Erik W. Born},
	title = {Recent sightings of the bowhead whale (Balaena mysticetus) in Northeast Greenland and the Greenland Sea},
	journal = {Polar Biology}
}