@article{ID27644479850,
	doi = {10.1111/j.1365-2656.2005.00965.x},
	url = {https://doi.org/10.1111%2Fj.1365-2656.2005.00965.x},
	year = 2005,
	month = {jul},
	publisher = {Wiley-Blackwell},
	volume = {74},
	number = {4},
	pages = {742-754},
	author = {ATLE MYSTERUD and ERLING J. SOLBERG and NIGEL G. YOCCOZ},
	title = {Ageing and reproductive effort in male moose under variable levels of intrasexual competition},
	journal = {Journal of Animal Ecology}
}