@article{ID27444436181,
	doi = {10.1016/j.aquaculture.2005.01.030},
	url = {https://doi.org/10.1016%2Fj.aquaculture.2005.01.030},
	year = 2005,
	month = {nov},
	publisher = {Elsevier {BV}},
	volume = {250},
	number = {1-2},
	pages = {138-154},
	author = {Gilles Miron and Thomas Landry and Philippe Archambault and Bruno Frenette},
	title = {Effects of mussel culture husbandry practices on various benthic characteristics},
	journal = {Aquaculture}
}