@article{ID27144507117,
	doi = {10.1038/nature03962},
	url = {https://doi.org/10.1038%2Fnature03962},
	year = 2005,
	month = {oct},
	publisher = {Springer Nature},
	volume = {437},
	number = {7060},
	pages = {880-883},
	author = {Tiffany M. Knight and Michael W. McCoy and Jonathan M. Chase and Krista A. McCoy and Robert D. Holt},
	title = {Trophic cascades across ecosystems},
	journal = {Nature}
}