@article{ID27644482236,
	doi = {10.1098/rspb.2005.3218},
	url = {https://doi.org/10.1098%2Frspb.2005.3218},
	year = 2005,
	month = {nov},
	publisher = {The Royal Society},
	volume = {272},
	number = {1579},
	pages = {2357-2364},
	author = {N. Pettorelli and A. Mysterud and N. G Yoccoz and R. Langvatn and N. C. Stenseth},
	title = {Importance of climatological downscaling and plant phenology for red deer in heterogeneous landscapes},
	journal = {Proceedings of the Royal Society B: Biological Sciences}
}