@article{ID28244455280,
	doi = {10.2989/00306520509485495},
	url = {https://doi.org/10.2989%2F00306520509485495},
	year = 2005,
	month = {oct},
	publisher = {Informa {UK} Limited},
	volume = {76},
	number = {3-4},
	pages = {212-214},
	author = {Yan Ropert-Coudert and David Gr{\'{e}}millet and H{\'{e}}l{\`{e}}ne Gachot-Neveu and Sue Lewis and Peter G Ryan},
	title = {Seeking dimorphism in monomorphic species: The lure of the gannetâ€™s mask},
	journal = {Ostrich}
}