@article{ID28244446948,
	doi = {10.1139/z05-107},
	url = {https://doi.org/10.1139%2Fz05-107},
	year = 2005,
	month = {sep},
	publisher = {Canadian Science Publishing},
	volume = {83},
	number = {9},
	pages = {1240-1245},
	author = {Iain J Stenhouse and H Grant Gilchrist and William A Montevecchi},
	title = {Factors affecting nest-site selection of Sabine's Gulls in the eastern Canadian Arctic},
	journal = {Canadian Journal of Zoology}
}