@article{ID28444482829,
	doi = {10.1016/j.scitotenv.2005.03.033},
	url = {https://doi.org/10.1016%2Fj.scitotenv.2005.03.033},
	year = 2005,
	month = {dec},
	publisher = {Elsevier {BV}},
	volume = {351-352},
	pages = {323-332},
	author = {Mark Wayland and H. Grant Gilchrist and Ewa Neugebauer},
	title = {Concentrations of cadmium, mercury and selenium in common eider ducks in the eastern Canadian arctic: Influence of reproductive stage},
	journal = {Science of The Total Environment}
}