@article{ID28044468599,
	doi = {10.1111/j.0030-1299.2005.14197.x},
	url = {https://doi.org/10.1111%2Fj.0030-1299.2005.14197.x},
	year = 2005,
	month = {nov},
	publisher = {Wiley-Blackwell},
	volume = {111},
	number = {2},
	pages = {245-252},
	author = {Atle Mysterud and Erling Meisingset and Rolf Langvatn and Nige G. Yoccoz and Nils Chr. Stenseth},
	title = {Climate-dependent allocation of resources to secondary sexual traits in red deer},
	journal = {Oikos}
}