@article{ID28844495050,
	doi = {10.1007/s10021-005-0129-z},
	url = {https://doi.org/10.1007%2Fs10021-005-0129-z},
	year = 2005,
	month = {nov},
	publisher = {Springer Nature},
	volume = {8},
	number = {8},
	pages = {975-987},
	author = {G. S. Cumming and G. Barnes and S. Perz and M. Schmink and K. E. Sieving and J. Southworth and M. Binford and R. D. Holt and C. Stickler and T. Van Holt},
	title = {An exploratory framework for the empirical measurement of resilience},
	journal = {Ecosystems}
}