@article{ID28044464458,
	doi = {10.1111/j.0030-1299.2005.14127.x},
	url = {https://doi.org/10.1111%2Fj.0030-1299.2005.14127.x},
	year = 2005,
	month = {nov},
	publisher = {Wiley-Blackwell},
	volume = {111},
	number = {2},
	pages = {359-367},
	author = {Stephen F. Matter and Tomas Roslin and Jens Roland},
	title = {Predicting immigration of two species in contrasting landscapes: Effects of scale, patch size and isolation},
	journal = {Oikos}
}