@article{ID28644447666,
	doi = {10.1111/j.1461-0248.2005.00839.x},
	url = {https://doi.org/10.1111%2Fj.1461-0248.2005.00839.x},
	year = 2005,
	month = {dec},
	publisher = {Wiley-Blackwell},
	volume = {8},
	number = {12},
	pages = {1326-1333},
	author = {Murray M. Humphries and Stan Boutin and Donald W. Thomas and John D. Ryan and Colin Selman and Andrew G. McAdam and Dominique Berteaux and John R. Speakman},
	title = {Expenditure freeze: The metabolic response of small mammals to cold environments},
	journal = {Ecology Letters}
}