@article{ID28044445503,
	doi = {10.1086/497440},
	url = {https://doi.org/10.1086%2F497440},
	year = 2005,
	month = {dec},
	publisher = {University of Chicago Press},
	volume = {166},
	number = {6},
	pages = {751-766},
	author = {Oliver~P. Love and Eunice~H. Chin and Katherine~E. Wynne-Edwards and Tony~D. Williams},
	title = {Stress hormones: A link between maternal condition and sex-biased reproductive investment},
	journal = {The American Naturalist}
}