@article{ID28044459631,
	doi = {10.1111/j.0908-8857.2005.03496.x},
	url = {https://doi.org/10.1111%2Fj.0908-8857.2005.03496.x},
	year = 2005,
	month = {nov},
	publisher = {Wiley-Blackwell},
	volume = {36},
	number = {6},
	pages = {549-554},
	author = {Eunice H. Chin and Oliver P. Love and Alison M. Clark and Tony D. Williams},
	title = {Brood size and environmental conditions sex-specifically affect nestling immune response in the European starling Sturnus vulgaris},
	journal = {Journal of Avian Biology}
}