@article{ID28244501028,
	doi = {10.1111/j.1466-822x.2005.00167.x},
	url = {https://doi.org/10.1111%2Fj.1466-822x.2005.00167.x},
	year = 2005,
	month = {aug},
	publisher = {Wiley-Blackwell},
	volume = {14},
	number = {5},
	pages = {423-429},
	author = {Stine Bjorholm and Jens-Christian Svenning and Flemming Skov and Henrik Balslev},
	title = {Environmental and spatial controls of palm (arecaceae) species richness across the Americas},
	journal = {Global Ecology and Biogeography}
}