@article{ID29044439289,
	doi = {10.1007/s00227-005-0109-z},
	url = {https://doi.org/10.1007%2Fs00227-005-0109-z},
	year = 2005,
	month = {sep},
	publisher = {Springer Nature},
	volume = {148},
	number = {3},
	pages = {559-566},
	author = {Marie-Jos{\'{e}} Naud and Jonathan N. Havenhand},
	title = {Sperm motility and longevity in the giant cuttlefish, Sepia apama (Mollusca: Cephalopoda)},
	journal = {Marine Biology}
}