@article{ID29844455102,
	doi = {10.1139/x05-114},
	url = {https://doi.org/10.1139%2Fx05-114},
	year = 2005,
	month = {aug},
	publisher = {Canadian Science Publishing},
	volume = {35},
	number = {8},
	pages = {1984-1995},
	author = {Nicolas Lecomte and Yves Bergeron},
	title = {Successional pathways on different surficial deposits in the coniferous boreal forest of the Quebec Clay Belt},
	journal = {Canadian Journal of Forest Research}
}