@article{ID29044449542,
	doi = {10.1098/rsbl.2005.0356},
	url = {https://doi.org/10.1098%2Frsbl.2005.0356},
	year = 2005,
	month = {dec},
	publisher = {The Royal Society},
	volume = {1},
	number = {4},
	pages = {469-471},
	author = {D. Gremillet and G. Kuntz and C. Gilbert and A. J Woakes and P. J Butler and Y. l. Maho},
	title = {Cormorants dive through the Polar night},
	journal = {Biology Letters}
}