@article{ID29044437578,
	doi = {10.1242/jeb.01872},
	url = {https://doi.org/10.1242%2Fjeb.01872},
	year = 2005,
	month = {nov},
	publisher = {The Company of Biologists},
	volume = {208},
	number = {22},
	pages = {4199-4202},
	author = {J. Reneerkens},
	title = {Switch to diester preen waxes may reduce avian nest predation by mammalian predators using olfactory cues},
	journal = {Journal of Experimental Biology}
}