@article{ID2942558588,
	doi = {10.1111/j.0269-8463.2004.00829.x},
	url = {https://doi.org/10.1111%2Fj.0269-8463.2004.00829.x},
	year = 2004,
	month = {jun},
	publisher = {Wiley-Blackwell},
	volume = {18},
	number = {3},
	pages = {330-336},
	author = {T. D. WILLIAMS and W. O. CHALLENGER and J. K. CHRISTIANS and M. EVANSON and O. LOVE and F. VEZINA},
	title = {What causes the decrease in haematocrit during egg production?},
	journal = {Functional Ecology}
}