@article{ID29044440517,
	doi = {10.1242/jeb.01884},
	url = {https://doi.org/10.1242%2Fjeb.01884},
	year = 2005,
	month = {nov},
	publisher = {The Company of Biologists},
	volume = {208},
	number = {22},
	pages = {4231-4241},
	author = {D. Gremillet},
	title = {Year-round recordings of behavioural and physiological parameters reveal the survival strategy of a poorly insulated diving endotherm during the Arctic winter},
	journal = {Journal of Experimental Biology}
}