@article{ID3042779077,
	doi = {10.1111/j.1461-0248.2004.00614.x},
	url = {https://doi.org/10.1111%2Fj.1461-0248.2004.00614.x},
	year = 2004,
	month = {jun},
	publisher = {Wiley-Blackwell},
	volume = {7},
	number = {7},
	pages = {565-573},
	author = {Jens-Christian Svenning and Flemming Skov},
	title = {Limited filling of the potential range in European tree species},
	journal = {Ecology Letters}
}