@article{ID30444450563,
	doi = {10.1139/z05-129},
	url = {https://doi.org/10.1139%2Fz05-129},
	year = 2005,
	month = {oct},
	publisher = {Canadian Science Publishing},
	volume = {83},
	number = {10},
	pages = {1333-1342},
	author = {Patrick Morin and Dominique Berteaux and Ilya Klvana},
	title = {Hierarchical habitat selection by North American porcupines in southern boreal forest},
	journal = {Canadian Journal of Zoology}
}