@article{ID3042601385,
	doi = {10.1073/pnas.0305029101},
	url = {https://doi.org/10.1073%2Fpnas.0305029101},
	year = 2004,
	month = {jun},
	publisher = {Proceedings of the National Academy of Sciences},
	volume = {101},
	number = {25},
	pages = {9286-9290},
	author = {E. Post and M. C. Forchhammer},
	title = {Spatial synchrony of local populations has increased in association with the recent Northern Hemisphere climate trend},
	journal = {Proceedings of the National Academy of Sciences}
}