@article{ID3042595849,
	doi = {10.1111/j.0030-1299.2004.12926.x},
	url = {https://doi.org/10.1111%2Fj.0030-1299.2004.12926.x},
	year = 2004,
	month = {jun},
	publisher = {Wiley-Blackwell},
	volume = {105},
	number = {3},
	pages = {461-470},
	author = {Kari Anne Br{\aa}then and Jep Agrell and Dominique Berteaux and Ingibj√∂rg S. J{\'{o}}nsd{\'{o}}ttir},
	title = {Intraclonal variation in defence substances and palatability: A study on Carex and lemmings},
	journal = {Oikos}
}