@article{ID3042825322,
	doi = {10.1111/j.1461-0248.2004.00608.x},
	url = {https://doi.org/10.1111%2Fj.1461-0248.2004.00608.x},
	year = 2004,
	month = {jun},
	publisher = {Wiley-Blackwell},
	volume = {7},
	number = {7},
	pages = {601-613},
	author = {M. A. Leibold and M. Holyoak and N. Mouquet and P. Amarasekare and J. M. Chase and M. F. Hoopes and R. D. Holt and J. B. Shurin and R. Law and D. Tilman and M. Loreau and A. Gonzalez},
	title = {The metacommunity concept: A framework for multi-scale community ecology},
	journal = {Ecology Letters}
}