@article{ID3042601152,
	doi = {10.1111/j.0906-7590.2004.03823.x},
	url = {https://doi.org/10.1111%2Fj.0906-7590.2004.03823.x},
	year = 2004,
	month = {jun},
	publisher = {Wiley-Blackwell},
	volume = {27},
	number = {3},
	pages = {366-380},
	author = {Flemming Skov and Jens-Christian Svenning},
	title = {Potential impact of climatic change on the distribution of forest herbs in Europe},
	journal = {Ecography}
}