@article{ID30344448587,
	doi = {10.1658/1100-9233(2005)016[0665:eofsai]2.0.co;2},
	url = {https://doi.org/10.1658%2F1100-9233%282005%29016%5B0665%3Aeofsai%5D2.0.co%3B2},
	year = 2005,
	publisher = {Wiley-Blackwell},
	volume = {16},
	number = {6},
	pages = {665},
	author = {Nicolas Lecomte and Martin Simard and Yves Bergeron and Alayn Larouche and Hans Asnong and Pierre J. H. Richard},
	title = {Effects of fire severity and initial tree composition on understorey vegetation dynamics in a boreal landscape inferred from chronosequence and paleoecological data},
	journal = {Journal of Vegetation Science}
}