@article{ID30744473239,
	doi = {10.1890/04-1960},
	url = {https://doi.org/10.1890%2F04-1960},
	year = 2005,
	month = {dec},
	publisher = {Wiley-Blackwell},
	volume = {86},
	number = {12},
	pages = {3303-3311},
	author = {Ingrid Quintero and Tomas Roslin},
	title = {Rapid recovery of dung beetle communities following habitat fragmentation in central Amazonia},
	journal = {Ecology}
}