@article{ID3042596473,
	doi = {10.1016/j.yhbeh.2004.02.001},
	url = {https://doi.org/10.1016%2Fj.yhbeh.2004.02.001},
	year = 2004,
	month = {jun},
	publisher = {Elsevier {BV}},
	volume = {46},
	number = {1},
	pages = {59-65},
	author = {Oliver P Love and Creagh W Breuner and Fran{\c{c}}ois V{\'{e}}zina and Tony D Williams},
	title = {Mediation of a corticosterone-induced reproductive conflict},
	journal = {Hormones and Behavior}
}