@article{ID3042710970,
	doi = {10.1890/1540-9295(2004)002[0013:apgfyh]2.0.co;2},
	url = {https://doi.org/10.1890%2F1540-9295%282004%29002%5B0013%3Aapgfyh%5D2.0.co%3B2},
	year = 2004,
	month = {feb},
	publisher = {Wiley-Blackwell},
	volume = {2},
	number = {1},
	pages = {13-20},
	author = {Richard S. Ostfeld and Robert D. Holt},
	title = {Are predators good for your health? Evaluating evidence for top-down regulation of zoonotic disease reservoirs},
	journal = {Frontiers in Ecology and the Environment}
}