@article{ID3042738390,
	doi = {10.1016/j.anbehav.2003.10.005},
	url = {https://doi.org/10.1016%2Fj.anbehav.2003.10.005},
	year = 2004,
	month = {jun},
	publisher = {Elsevier {BV}},
	volume = {67},
	number = {6},
	pages = {1043-1050},
	author = {Marie-Jos{\'{e}} Naud and Roger T. Hanlon and Karina C. Hall and Paul W. Shaw and Jonathan N. Havenhand},
	title = {Behavioural and genetic assessment of reproductive success in a spawning aggregation of the Australian giant cuttlefish, Sepia apama},
	journal = {Animal Behaviour}
}