@article{ID3042703135,
	doi = {10.1139/z04-012},
	url = {https://doi.org/10.1139%2Fz04-012},
	year = 2004,
	month = {mar},
	publisher = {Canadian Science Publishing},
	volume = {82},
	number = {3},
	pages = {391-398},
	author = {Martin Arvisais and Esther L{\'{e}}vesque and Jean-Claude Bourgeois and Claude Daigle and Denis Masse and Jacques Jutras},
	title = {Habitat selection by the wood turtle (Clemmys insculpta) at the northern limit of its range},
	journal = {Canadian Journal of Zoology}
}