@article{ID31844435299,
	doi = {10.1016/j.anbehav.2005.07.007},
	url = {https://doi.org/10.1016%2Fj.anbehav.2005.07.007},
	year = 2006,
	month = {feb},
	publisher = {Elsevier {BV}},
	volume = {71},
	number = {2},
	pages = {457-462},
	author = {Nicolas Lecomte and Gregoire Kuntz and Nicolas Lambert and Jean-Paul Gendner and Yves Handrich and Yvon Le Maho and Charles-Andr{\'{e}} Bost},
	title = {Alloparental feeding in the king penguin},
	journal = {Animal Behaviour}
}