@article{ID32544447962,
	doi = {10.1111/j.1365-2656.2005.00981.x},
	url = {https://doi.org/10.1111%2Fj.1365-2656.2005.00981.x},
	year = 2005,
	month = {sep},
	publisher = {Wiley-Blackwell},
	volume = {74},
	number = {5},
	pages = {817-831},
	author = {HANNO SANDVIK and KJELL EINAR ERIKSTAD and ROBERT T. BARRETT and NIGEL G. YOCCOZ},
	title = {The effect of climate on adult survival in five species of North Atlantic seabirds},
	journal = {Journal of Animal Ecology}
}