@article{ID32444438341,
	doi = {10.1111/j.1365-2656.2005.00982.x},
	url = {https://doi.org/10.1111%2Fj.1365-2656.2005.00982.x},
	year = 2005,
	month = {sep},
	publisher = {Wiley-Blackwell},
	volume = {74},
	number = {5},
	pages = {832-841},
	author = {ANTHONY J. GASTON and H. GRANT GILCHRIST and J. MARK HIPFNER},
	title = {Climate change, ice conditions and reproduction in an Arctic nesting marine bird: Brunnich's guillemot (Uria lomvia L.)},
	journal = {Journal of Animal Ecology}
}