@article{ID32144436557,
	doi = {10.1007/s00265-005-0086-8},
	url = {https://doi.org/10.1007%2Fs00265-005-0086-8},
	year = 2005,
	month = {dec},
	publisher = {Springer Nature},
	volume = {59},
	number = {5},
	pages = {597-605},
	author = {A. Cohas and N. G. Yoccoz and A. Da Silva and B. Goossens and D. Allain{\'{e}}},
	title = {Extra-pair paternity in the monogamous alpine marmot (Marmota marmota): The roles of social setting and female mate choice},
	journal = {Behavioral Ecology and Sociobiology}
}