@article{ID3242679755,
	doi = {10.1016/j.ecss.2003.12.008},
	url = {https://doi.org/10.1016%2Fj.ecss.2003.12.008},
	year = 2004,
	month = {aug},
	publisher = {Elsevier {BV}},
	volume = {60},
	number = {4},
	pages = {781-790},
	author = {F. Barros and A. J. Underwood and P. Archambault},
	title = {The influence of troughs and crests of ripple marks on the structure of subtidal benthic assemblages around rocky reefs},
	journal = {Estuarine, Coastal and Shelf Science}
}