@article{ID32444445770,
	doi = {10.1111/j.1474-919x.2006.00459.x},
	url = {https://doi.org/10.1111%2Fj.1474-919x.2006.00459.x},
	year = 2006,
	month = {jan},
	publisher = {Wiley-Blackwell},
	volume = {148},
	number = {1},
	pages = {14-26},
	author = {SAMANTHA L. PETERSEN and PETER G. RYAN and DAVID GREMILLET},
	title = {Is food availability limiting African Penguins Spheniscus demersus at Boulders? A comparison of foraging effort at mainland and island colonies},
	journal = {Ibis}
}