@article{ID3242673146,
	doi = {10.1073/pnas.0308674101},
	url = {https://doi.org/10.1073%2Fpnas.0308674101},
	year = 2004,
	month = {jul},
	publisher = {Proceedings of the National Academy of Sciences},
	volume = {101},
	number = {29},
	pages = {10632-10634},
	author = {N. C. Stenseth and A. Shabbar and K.-S. Chan and S. Boutin and E. K. Rueness and D. Ehrich and J. W. Hurrell and O. Chr. Lingjaerde and K. S. Jakobsen},
	title = {Snow conditions may create an invisible barrier for lynx},
	journal = {Proceedings of the National Academy of Sciences}
}