@article{ID32844456345,
	doi = {10.1007/s00300-005-0054-9},
	url = {https://doi.org/10.1007%2Fs00300-005-0054-9},
	year = 2005,
	month = {sep},
	publisher = {Springer Nature},
	volume = {29},
	number = {4},
	pages = {308-319},
	author = {Britt N. Fuglesteg and {\O}yvind E. Haga and Lars P. Folkow and Eva Fuglei and Arnoldus Schytte Blix},
	title = {Seasonal variations in basal metabolic rate, lower critical temperature and responses to temporary starvation in the arctic fox (Alopex lagopus) from Svalbard},
	journal = {Polar Biology}
}