@article{ID3242681808,
	doi = {10.1111/j.1365-294x.2004.02249.x},
	url = {https://doi.org/10.1111%2Fj.1365-294x.2004.02249.x},
	year = 2004,
	month = {jul},
	publisher = {Wiley-Blackwell},
	volume = {13},
	number = {8},
	pages = {2389-2392},
	author = {LOVE DAL{\'{E}}N and BODIL ELMHAGEN and ANDERS ANGERBJÃ–RN},
	title = {DNA analysis on fox faeces and competition induced niche shifts},
	journal = {Molecular Ecology}
}