@article{ID33846331670,
	doi = {10.1007/s10164-006-0193-7},
	url = {https://doi.org/10.1007%2Fs10164-006-0193-7},
	year = 2006,
	month = {apr},
	publisher = {Springer Nature},
	volume = {25},
	number = {1},
	pages = {79-82},
	author = {Vincent Careau and Nicolas Lecomte and Jean-Fran{\c{c}}ois Giroux and Dominique Berteaux},
	title = {Common ravens raid arctic fox food caches},
	journal = {Journal of Ethology}
}