@article{ID33746289287,
	doi = {10.2980/i1195-6860-13-2-152.1},
	url = {https://doi.org/10.2980%2Fi1195-6860-13-2-152.1},
	year = 2006,
	month = {jan},
	publisher = {Informa {UK} Limited},
	volume = {13},
	number = {2},
	pages = {152-163},
	author = {Nicolas Lecomte and Martin Simard and Yves Bergeron},
	title = {Effects of fire severity and initial tree composition on stand structural development in the coniferous boreal forest of northwestern Qu√©bec, Canada},
	journal = {{\'{E}}coscience}
}