@article{ID33746816030,
	doi = {10.1111/j.1365-2656.2006.01140.x},
	url = {https://doi.org/10.1111%2Fj.1365-2656.2006.01140.x},
	year = 2006,
	month = {aug},
	publisher = {Wiley-Blackwell},
	volume = {75},
	number = {5},
	pages = {1172-1181},
	author = {MARC K{\'{E}}RY and JESPER MADSEN and JEAN-DOMINIQUE LEBRETON},
	title = {Survival of Svalbard pink-footed geese Anser brachyrhynchus in relation to winter climate, density and land-use},
	journal = {Journal of Animal Ecology}
}