@article{ID33847633511,
	doi = {10.1093/beheco/arl090},
	url = {https://doi.org/10.1093%2Fbeheco%2Farl090},
	year = 2006,
	month = {dec},
	publisher = {Oxford University Press ({OUP})},
	volume = {18},
	number = {2},
	pages = {345-353},
	author = {Bart Kempenaers and Richard B. Lanctot and Verena A. Gill and Scott A. Hatch and Mihai Valcu},
	title = {Do females trade copulations for food? An experimental study on kittiwakes (Rissa tridactyla)},
	journal = {Behavioral Ecology}
}