@article{ID33750053854,
	doi = {10.1111/j.2006.0030-1299.15252},
	url = {https://doi.org/10.1111%2Fj.2006.0030-1299.15252},
	year = 2006,
	month = {nov},
	publisher = {Wiley-Blackwell},
	volume = {115},
	number = {2},
	pages = {277-285},
	author = {David Roth and Jens Roland and Tomas Roslin},
	title = {Parasitoids on the loose - Experimental lack of support of the parasitoid movement hypothesis},
	journal = {Oikos}
}