@article{ID33947715157,
	doi = {10.1017/s0032247407006092},
	url = {https://doi.org/10.1017%2Fs0032247407006092},
	year = 2007,
	month = {mar},
	publisher = {Cambridge University Press ({CUP})},
	volume = {43},
	number = {02},
	pages = {135},
	author = {Deborah E. Perkins and Paul A. Smith and H. Grant Gilchrist},
	title = {The breeding ecology of ruddy turnstones (Arenaria interpres) in the eastern Canadian Arctic},
	journal = {Polar Record}
}