@article{ID33749657980,
	doi = {10.1111/j.1365-2656.2006.01149.x},
	url = {https://doi.org/10.1111%2Fj.1365-2656.2006.01149.x},
	year = 2006,
	month = {nov},
	publisher = {Wiley-Blackwell},
	volume = {75},
	number = {6},
	pages = {1269-1284},
	author = {RUDY BOONSTRA and CHARLES J. KREBS{\textdagger}},
	title = {Population limitation of the northern red-backed vole in the boreal forests of northern Canada},
	journal = {Journal of Animal Ecology}
}