@article{ID33748167967,
	doi = {10.1127/0003-9136/2006/0166-0411},
	url = {https://doi.org/10.1127%2F0003-9136%2F2006%2F0166-0411},
	year = 2006,
	month = {jul},
	publisher = {Schweizerbart},
	volume = {166},
	number = {3},
	pages = {411-432},
	author = {Mark L. Mallory and Alain J. Fontaine and Paul A. Smith and Myra O. Wiebe Robertson and H. Grant Gilchrist},
	title = {Water chemistry of ponds on Southampton Island, Nunavut, Canada: Effects of habitat and ornithogenic inputs},
	journal = {Archiv f√ºr Hydrobiologie}
}