@article{ID33846434030,
	doi = {10.1111/j.2006.0030-1299.15266.x},
	url = {https://doi.org/10.1111%2Fj.2006.0030-1299.15266.x},
	year = 2007,
	month = {feb},
	publisher = {Wiley-Blackwell},
	volume = {116},
	number = {2},
	pages = {181-188},
	author = {Sofia Gripenberg and Tomas Roslin},
	title = {Up or down in space? Uniting the bottom-up versus top-down paradigm and spatial ecology},
	journal = {Oikos}
}