@article{ID33746292778,
	doi = {10.1111/j.1469-1795.2006.00029.x},
	url = {https://doi.org/10.1111%2Fj.1469-1795.2006.00029.x},
	year = 2006,
	month = {aug},
	publisher = {Wiley-Blackwell},
	volume = {9},
	number = {3},
	pages = {252-258},
	author = {G. H. Thomas and R. B. Lanctot and T. Szekely},
	title = {Can intrinsic factors explain population declines in North American breeding shorebirds? A comparative analysis},
	journal = {Animal Conservation}
}