@article{ID33744909837,
	doi = {10.1657/1523-0430(2006)38[257:rcsrue]2.0.co;2},
	url = {https://doi.org/10.1657%2F1523-0430%282006%2938%5B257%3Arcsrue%5D2.0.co%3B2},
	year = 2006,
	month = {may},
	publisher = {Institute of Arctic and Alpine Research ({INSTAAR})},
	volume = {38},
	number = {2},
	pages = {257-262},
	author = {Niels M. Schmidt and Claudia Baittinger and Mads C. Forchhammer},
	title = {Reconstructing century-long snow regimes using estimates of high arctic Salix arctica radial growth},
	journal = {Arctic, Antarctic, and Alpine Research}
}