@article{ID33947111194,
	doi = {10.1086/512106},
	url = {https://doi.org/10.1086%2F512106},
	year = 2007,
	month = {apr},
	publisher = {University of Chicago Press},
	volume = {169},
	number = {4},
	pages = {543-551},
	author = {Roger~T. Hanlon and Marie-Jos{\'{e}} Naud and John~W. Forsythe and Karina Hall and Anya~C. Watson and Joy McKechnie},
	title = {Adaptable night camouflage by cuttlefish},
	journal = {The American Naturalist}
}