@article{ID33645471246,
	doi = {10.1007/s10661-005-9095-3},
	url = {https://doi.org/10.1007%2Fs10661-005-9095-3},
	year = 2006,
	month = {mar},
	publisher = {Springer Nature},
	volume = {113},
	number = {1-3},
	pages = {31-48},
	author = {Mark L. Mallory and H. Grant Gilchrist and Birgit M. Braune and Anthony J. Gaston},
	title = {Marine birds as indicators of arctic marine ecosystem health: Linking the Northern Ecosystem Initiative to long-term studies},
	journal = {Environmental Monitoring and Assessment}
}