@article{ID33748658804,
	doi = {10.1098/rspb.2006.3588},
	url = {https://doi.org/10.1098%2Frspb.2006.3588},
	year = 2006,
	month = {sep},
	publisher = {The Royal Society},
	volume = {273},
	number = {1599},
	pages = {2369-2374},
	author = {S. Descamps and S. Boutin and D. Berteaux and J.-M. Gaillard},
	title = {Best squirrels trade a long life for an early reproduction},
	journal = {Proceedings of the Royal Society B: Biological Sciences}
}