@article{ID33645574799,
	doi = {10.2981/0909-6396(2006)12[71:edsotj]2.0.co;2},
	url = {https://doi.org/10.2981%2F0909-6396%282006%2912%5B71%3Aedsotj%5D2.0.co%3B2},
	year = 2006,
	month = {mar},
	publisher = {Wildlife Biology},
	volume = {12},
	number = {1},
	pages = {71-76},
	author = {Toke T. H{\o}ye and Mads C. Forchhammer},
	title = {Early developed section of the jaw as an index of prenatal growth conditions in adult roe deer Capreolus capreolus},
	journal = {Wildlife Biology}
}