@article{ID33847356058,
	doi = {10.1111/j.0908-8857.2007.03695.x},
	url = {https://doi.org/10.1111%2Fj.0908-8857.2007.03695.x},
	year = 2007,
	month = {mar},
	publisher = {Wiley-Blackwell},
	volume = {38},
	number = {2},
	pages = {224-233},
	author = {Edward H. Miller and Joni Williams and Sarah E. Jamieson and H. Grant Gilchrist and Mark L. Mallory},
	title = {Allometry, bilateral asymmetry and sexual differences in the vocal tract of common eiders Somateria mollissima and king eiders S. spectabilis},
	journal = {Journal of Avian Biology}
}