@article{ID33744931644,
	doi = {10.1055/s-2006-925347},
	url = {https://doi.org/10.1055%2Fs-2006-925347},
	year = 2006,
	month = {apr},
	publisher = {Georg Thieme Verlag {KG}},
	volume = {38},
	number = {4},
	pages = {260-268},
	author = {C. Breuner and S. Lynn and G. Julian and J. Cornelius and B. Heidinger and O. Love and R. Sprague and H. Wada and B. Whitman},
	title = {Plasma-binding globulins and acute stress response},
	journal = {Hormone and Metabolic Research}
}