@article{ID33645117978,
	doi = {10.1111/j.1365-2656.2005.00988.x},
	url = {https://doi.org/10.1111%2Fj.1365-2656.2005.00988.x},
	year = 2005,
	month = {sep},
	publisher = {Wiley-Blackwell},
	volume = {74},
	number = {5},
	pages = {972-981},
	author = {NATHALIE PETTORELLI and JEAN-MICHEL GAILLARD and NIGEL GILLES YOCCOZ and PATRICK DUNCAN and DANIEL MAILLARD and DANIEL DELORME and GUY VAN LAERE and CAROLE TOIGO},
	title = {The response of fawn survival to changes in habitat quality varies according to cohort quality and spatial scale},
	journal = {Journal of Animal Ecology}
}