@article{ID33745211043,
	doi = {10.1007/s00227-005-0242-8},
	url = {https://doi.org/10.1007%2Fs00227-005-0242-8},
	year = 2006,
	month = {jan},
	publisher = {Springer Nature},
	volume = {149},
	number = {3},
	pages = {415-422},
	author = {Yan Ropert-Coudert and David Gr{\'{e}}millet and Akiko Kato},
	title = {Swim speeds of free-ranging great cormorants},
	journal = {Marine Biology}
}