@article{ID33846279399,
	doi = {10.1016/j.jnc.2006.09.001},
	url = {https://doi.org/10.1016%2Fj.jnc.2006.09.001},
	year = 2007,
	month = {jan},
	publisher = {Elsevier {BV}},
	volume = {15},
	number = {1},
	pages = {41-53},
	author = {Signe Normand and Jens-Christian Svenning and Flemming Skov},
	title = {National and European perspectives on climate change sensitivity of the habitats directive characteristic plant species},
	journal = {Journal for Nature Conservation}
}