@article{ID33745602744,
	doi = {10.1371/journal.pmed.0030231},
	url = {https://doi.org/10.1371%2Fjournal.pmed.0030231},
	year = 2006,
	month = {jun},
	publisher = {Public Library of Science ({PLoS})},
	volume = {3},
	number = {6},
	pages = {e231},
	author = {Andy Dobson and Isabella Cattadori and Robert D Holt and Richard S Ostfeld and Felicia Keesing and Kristle Krichbaum and Jason R Rohr and Sarah E Perkins and Peter J Hudson},
	title = {Sacred cows and sympathetic squirrels: The importance of biological diversity to human health},
	journal = {{PLoS} Medicine}
}