@article{ID33947110357,
	doi = {10.3354/meps331267},
	url = {https://doi.org/10.3354%2Fmeps331267},
	year = 2007,
	month = {feb},
	publisher = {Inter-Research Science Center},
	volume = {331},
	pages = {267-279},
	author = {MR Enstipp and D Gr{\'{e}}millet and DR Jones},
	title = {Investigating the functional link between prey abundance and seabird predatory performance},
	journal = {Marine Ecology Progress Series}
}