@article{ID33751185887,
	doi = {10.1007/s10021-004-0168-x},
	url = {https://doi.org/10.1007%2Fs10021-004-0168-x},
	year = 2006,
	month = {dec},
	publisher = {Springer Nature},
	volume = {9},
	number = {8},
	pages = {1215-1230},
	author = {Nicolas Lecomte and Martin Simard and Nicole Fenton and Yves Bergeron},
	title = {Fire severity and long-term ecosystem biomass dynamics in coniferous boreal forests of eastern Canada},
	journal = {Ecosystems}
}