@article{ID33747076034,
	doi = {10.1111/j.1365-294x.2006.02983.x},
	url = {https://doi.org/10.1111%2Fj.1365-294x.2006.02983.x},
	year = 2006,
	month = {jun},
	publisher = {Wiley-Blackwell},
	volume = {15},
	number = {10},
	pages = {2809-2819},
	author = {L. DAL{\'{E}}N and K. KVAL{\O}Y and J. D. C. LINNELL and B. ELMHAGEN and O. STRAND and M. TANNERFELDT and H. HENTTONEN and E. FUGLEI and A. LANDA and A. ANGERBJÃ–RN},
	title = {Population structure in a critically endangered arctic fox population: Does genetics matter?},
	journal = {Molecular Ecology}
}