@incollection{ID33746574165,
	doi = {10.1016/b978-012088459-9/50014-5},
	url = {https://doi.org/10.1016%2Fb978-012088459-9%2F50014-5},
	year = 2005,
	publisher = {Elsevier},
	pages = {235-271},
	author = {Robert D. Holt},
	title = {On the integration of community ecology and evolutionary biology: Historical perspectives and current prospects},
	booktitle = {Ecological Paradigms Lost},
	journal = {Ecological Paradigms Lost}
}