@article{ID33747884944,
	doi = {10.1016/j.marpolbul.2006.04.013},
	url = {https://doi.org/10.1016%2Fj.marpolbul.2006.04.013},
	year = 2006,
	month = {aug},
	publisher = {Elsevier {BV}},
	volume = {52},
	number = {8},
	pages = {978-982},
	author = {Birgit M. Braune and Mark L. Mallory and H. Grant Gilchrist},
	title = {Elevated mercury levels in a declining population of ivory gulls in the Canadian Arctic},
	journal = {Marine Pollution Bulletin}
}