@article{ID33646819331,
	doi = {10.1016/j.quaint.2006.01.016},
	url = {https://doi.org/10.1016%2Fj.quaint.2006.01.016},
	year = 2006,
	month = {jul},
	publisher = {Elsevier {BV}},
	volume = {151},
	number = {1},
	pages = {99-105},
	author = {Eric Post and Mads C. Forchhammer},
	title = {Spatially synchronous population dynamics: An indicator of Pleistocene faunal response to large-scale environmental change in the Holocene},
	journal = {Quaternary International}
}