@article{ID33750814848,
	doi = {10.1007/s10531-005-1345-8},
	url = {https://doi.org/10.1007%2Fs10531-005-1345-8},
	year = 2006,
	month = {mar},
	publisher = {Springer Nature},
	volume = {15},
	number = {10},
	pages = {3341-3356},
	author = {Jens-Christian Svenning and Flemming Skov},
	title = {Potential impact of climate change on the northern nemoral forest herb flora of Europe},
	journal = {Biodiversity and Conservation}
}