@article{ID33344469930,
	doi = {10.1007/s10592-005-9075-8},
	url = {https://doi.org/10.1007%2Fs10592-005-9075-8},
	year = 2006,
	month = {jan},
	publisher = {Springer Nature},
	volume = {6},
	number = {6},
	pages = {885-894},
	author = {Karin Nor{\'{e}}n and Love Dal{\'{e}}n and Kirsti Kval{\o}y and Anders Angerbj√∂rn},
	title = {Detection of farm fox and hybrid genotypes among wild arctic foxes in Scandinavia},
	journal = {Conservation Genetics}
}