@article{ID33745816667,
	doi = {10.2981/0909-6396(2006)12[219:aeomut]2.0.co;2},
	url = {https://doi.org/10.2981%2F0909-6396%282006%2912%5B219%3Aaeomut%5D2.0.co%3B2},
	year = 2006,
	month = {jun},
	publisher = {Wildlife Biology},
	volume = {12},
	number = {2},
	pages = {219-226},
	author = {Sarah E. Jamieson and H. Grant Gilchrist and Flemming R. Merkel and Knud Falk and Antony W. Diamond},
	title = {An evaluation of methods used to estimate carcass composition of common eiders Somateria mollissima},
	journal = {Wildlife Biology}
}