@article{ID33644774693,
	doi = {10.1086/499381},
	url = {https://doi.org/10.1086%2F499381},
	year = 2006,
	month = {mar},
	publisher = {University of Chicago Press},
	volume = {167},
	number = {3},
	pages = {429-439},
	author = {John~J. Dennehy and Nicholas~A. Friedenberg and Robert~D. Holt and Paul~E. Turner},
	title = {Viral ecology and the maintenance of novel host use},
	journal = {The American Naturalist}
}