@article{ID33845595152,
	doi = {10.1098/rsbl.2006.0515},
	url = {https://doi.org/10.1098%2Frsbl.2006.0515},
	year = 2006,
	month = {dec},
	publisher = {The Royal Society},
	volume = {2},
	number = {4},
	pages = {601-603},
	author = {C. Valdiosera and N. Garcia and L. Dalen and C. Smith and R.-D. Kahlke and K. Liden and A. Angerbjorn and J. L. Arsuaga and A. Gotherstrom},
	title = {Typing single polymorphic nucleotides in mitochondrial DNA as a way to access Middle Pleistocene DNA},
	journal = {Biology Letters}
}