@article{ID33750950988,
	doi = {10.1111/j.1365-2699.2006.01573.x},
	url = {https://doi.org/10.1111%2Fj.1365-2699.2006.01573.x},
	year = 2006,
	month = {dec},
	publisher = {Wiley-Blackwell},
	volume = {33},
	number = {12},
	pages = {2136-2144},
	author = {Cecilia Brunhoff and Nigel G. Yoccoz and Rolf A. Ims and Maarit Jaarola},
	title = {Glacial survival or late glacial colonization? Phylogeography of the root vole (Microtus oeconomus) in north-west Norway},
	journal = {Journal of Biogeography}
}