@article{ID33847619779,
	doi = {10.1644/06-mamm-a-056r.1},
	url = {https://doi.org/10.1644%2F06-mamm-a-056r.1},
	year = 2007,
	month = {feb},
	publisher = {Oxford University Press ({OUP})},
	volume = {88},
	number = {1},
	pages = {49-58},
	author = {Eva Garde and Mads Peter Heide-J{\o}rgensen and Steen H. Hansen and GÃ¶sta Nachman and Mads C. Forchhammer},
	title = {Age-specific growth and remarkable longevity in narwhals (Monodon monoceros) from West Greenland as estimated by aspartic acid racemization},
	journal = {Journal of Mammalogy}
}