@article{ID33748209569,
	doi = {10.1016/j.anbehav.2005.11.020},
	url = {https://doi.org/10.1016%2Fj.anbehav.2005.11.020},
	year = 2006,
	month = {sep},
	publisher = {Elsevier {BV}},
	volume = {72},
	number = {3},
	pages = {627-633},
	author = {Lo√èc Bollache and Nicolas Kaldonski and Jean-Philippe Troussard and Cl{\'{e}}ment Lagrue and Thierry Rigaud},
	title = {Spines and behaviour as defences against fish predators in an invasive freshwater amphipod},
	journal = {Animal Behaviour}
}