@article{ID33847673285,
	doi = {10.1111/j.1751-8369.2007.00006.x},
	url = {https://doi.org/10.1111%2Fj.1751-8369.2007.00006.x},
	year = 2007,
	month = {jan},
	publisher = {Informa {UK} Limited},
	volume = {26},
	number = {1},
	pages = {31-36},
	author = {Christian M. Glahder and Anthony D. Fox and Mark O'Connell and Martin Jespersen and Jesper Madsen},
	title = {Eastward moult migration of non-breeding pink-footed geese (Anser brachyrhynchus) in Svalbard},
	journal = {Polar Research}
}