@article{ID33846522373,
	doi = {10.1016/j.envpol.2006.06.036},
	url = {https://doi.org/10.1016%2Fj.envpol.2006.06.036},
	year = 2007,
	month = {mar},
	publisher = {Elsevier {BV}},
	volume = {146},
	number = {1},
	pages = {128-138},
	author = {E. Fuglei and J. O. Bustnes and H. Hop and T. M{\o}rk and H. Bj√∂rnfoth and B. van Bavel},
	title = {Environmental contaminants in arctic foxes (Alopex lagopus) in Svalbard: Relationships with feeding ecology and body condition},
	journal = {Environmental Pollution}
}