@article{ID33144483085,
	doi = {10.1073/pnas.0600289103},
	url = {https://doi.org/10.1073%2Fpnas.0600289103},
	year = 2006,
	month = {feb},
	publisher = {Proceedings of the National Academy of Sciences},
	volume = {103},
	number = {7},
	pages = {2005-2006},
	author = {R. D. Holt},
	title = {Making a virtue out of a necessity: Hurricanes and the resilience of community organization},
	journal = {Proceedings of the National Academy of Sciences}
}