@article{ID33847350271,
	doi = {10.1111/j.0908-8857.2007.03820.x},
	url = {https://doi.org/10.1111%2Fj.0908-8857.2007.03820.x},
	year = 2007,
	month = {mar},
	publisher = {Wiley-Blackwell},
	volume = {38},
	number = {2},
	pages = {205-213},
	author = {Peter L. F. Fast and H. Grant Gilchrist and Robert G. Clark},
	title = {Experimental evaluation of nest shelter effects on weight loss in incubating common eiders Somateria mollissima},
	journal = {Journal of Avian Biology}
}