@article{ID33846846522,
	doi = {10.1642/0004-8038(2007)124[276:avitbo]2.0.co;2},
	url = {https://doi.org/10.1642%2F0004-8038%282007%29124%5B276%3Aavitbo%5D2.0.co%3B2},
	year = 2007,
	publisher = {American Ornithologists{\textquotesingle} Union},
	volume = {124},
	number = {1},
	pages = {276},
	author = {Paul A. Smith and H. Grant Gilchrist and James N. M. Smith and Erica Nol},
	title = {Annual variation in the benefits of a nesting association between Red Phalaropes (Phalaropus fulicarius) and Sabine's Gulls (Xema sabini)},
	journal = {The Auk}
}