@article{ID33645372270,
	doi = {10.1111/j.1461-0248.2006.00885.x},
	url = {https://doi.org/10.1111%2Fj.1461-0248.2006.00885.x},
	year = 2006,
	month = {mar},
	publisher = {Wiley-Blackwell},
	volume = {9},
	number = {4},
	pages = {485-498},
	author = {F. Keesing and R. D. Holt and R. S. Ostfeld},
	title = {Effects of species diversity on disease risk},
	journal = {Ecology Letters}
}