@incollection{ID33645096348,
	doi = {10.1017/cbo9780511614415.009},
	url = {https://doi.org/10.1017%2Fcbo9780511614415.009},
	publisher = {Cambridge University Press},
	pages = {70-78},
	author = {Rolf A. Ims},
	editor = {John A. Wiens and Michael R. Moss},
	title = {The role of experiments in landscape ecology},
	booktitle = {Issues and Perspectives in Landscape Ecology},
	year = {2005},
	journal = {Issues and Perspectives in Landscape Ecology}
}