@article{ID33746640532,
	doi = {10.1017/s0266467406003348},
	url = {https://doi.org/10.1017%2Fs0266467406003348},
	year = 2006,
	month = {jul},
	publisher = {Cambridge University Press ({CUP})},
	volume = {22},
	number = {05},
	pages = {575-586},
	author = {Jens-Christian Svenning and Bettina M. J. Engelbrecht and David A. Kinner and Thomas A. Kursar and Robert F. Stallard and S. Joseph Wright},
	title = {The relative roles of environment, history and local dispersal in controlling the distributions of common tree and shrub species in a tropical forest landscape, Panama},
	journal = {Journal of Tropical Ecology}
}