@article{ID33748426363,
	doi = {10.1186/1472-6785-6-1},
	url = {https://doi.org/10.1186%2F1472-6785-6-1},
	year = 2006,
	publisher = {Springer Nature},
	volume = {6},
	number = {1},
	pages = {1},
	author = {LukasN Mueller and JodyFC de Brouwer and JonasS Almeida and LucasJ Stal and Jo{\~{a}}oB Xavier},
	journal = {{BMC} Ecology},
	title = {Inter-annual growth of Arctic charr (Salvelinus alpinus, L.) in relation to climate variation}
}