@article{ID33746356861,
	doi = {10.1038/442252a},
	url = {https://doi.org/10.1038%2F442252a},
	year = 2006,
	month = {jul},
	publisher = {Springer Nature},
	volume = {442},
	number = {7100},
	pages = {252-253},
	author = {Robert D. Holt},
	title = {Ecology: Asymmetry and stability},
	journal = {Nature}
}