@article{ID33748472367,
	doi = {10.1016/j.tree.2006.08.003},
	url = {https://doi.org/10.1016%2Fj.tree.2006.08.003},
	year = 2006,
	month = {oct},
	publisher = {Elsevier {BV}},
	volume = {21},
	number = {10},
	pages = {531-533},
	author = {R HOLT},
	title = {Emergent neutrality},
	journal = {Trends in Ecology {\&} Evolution}
}