@article{ID33847699723,
	doi = {10.1111/j.0030-1299.2007.15390.x},
	url = {https://doi.org/10.1111%2Fj.0030-1299.2007.15390.x},
	year = 2007,
	month = {mar},
	publisher = {Wiley-Blackwell},
	volume = {116},
	number = {3},
	pages = {491-499},
	author = {Per Fauchald and Rolf R{\o}dven and B{\aa}rd-J{\o}rgen B{\aa}rdsen and Knut Langeland and Torkild Tveraa and Nigel G. Yoccoz and Rolf A. Ims},
	title = {Escaping parasitism in the selfish herd: Age, size and density-dependent warble fly infestation in reindeer},
	journal = {Oikos}
}