@article{ID33751085682,
	doi = {10.1242/jeb.02482},
	url = {https://doi.org/10.1242%2Fjeb.02482},
	year = 2006,
	month = {oct},
	publisher = {The Company of Biologists},
	volume = {209},
	number = {20},
	pages = {3974-3983},
	author = {J. P. Heath and H. G. Gilchrist and R. C. Ydenberg},
	title = {Regulation of stroke pattern and swim speed across a range of current velocities: Diving by common eiders wintering in polynyas in the Canadian Arctic},
	journal = {Journal of Experimental Biology}
}