@article{ID33646875976,
	doi = {10.1111/j.1471-8286.2006.01283.x},
	url = {https://doi.org/10.1111%2Fj.1471-8286.2006.01283.x},
	year = 2006,
	month = {jun},
	publisher = {Wiley-Blackwell},
	volume = {6},
	number = {2},
	pages = {487-489},
	author = {R. A. WATTIER and J. BEGUET and M. GAILLARD and J. C. MULLER and L. BOLLACHE and M.-J. PERROT-MINNOT},
	title = {Molecular markers for systematic identification and population genetics of the invasive Ponto-Caspian freshwater gammarid Dikerogammarus villosus (Crustacea, Amphipoda)},
	journal = {Molecular Ecology Notes}
}