@article{ID33645226929,
	doi = {10.1111/j.0022-1112.2006.00901.x},
	url = {https://doi.org/10.1111%2Fj.0022-1112.2006.00901.x},
	year = 2006,
	month = {jan},
	publisher = {Wiley-Blackwell},
	volume = {68},
	number = {1},
	pages = {318-322},
	author = {C. Lagrue and L. Bollache},
	title = {Effects of temperature on persistence times of native and invasive gammarid species in the stomachs of Cottus gobio},
	journal = {Journal of Fish Biology}
}