@article{ID33746932900,
	doi = {10.1111/j.1557-9263.2006.00005.x},
	url = {https://doi.org/10.1111%2Fj.1557-9263.2006.00005.x},
	year = 2006,
	month = {mar},
	publisher = {Wiley-Blackwell},
	volume = {77},
	number = {1},
	pages = {67-70},
	author = {Nicolas Lecomte and Gilles Gauthier and Louis Bernatchez and Jean-Francois Giroux},
	title = {A nondamaging blood sampling technique for waterfowl embryos},
	journal = {Journal of Field Ornithology}
}