@article{ID33749611756,
	doi = {10.1111/j.1365-2699.2006.01630.x},
	url = {https://doi.org/10.1111%2Fj.1365-2699.2006.01630.x},
	year = 2006,
	month = {nov},
	publisher = {Wiley-Blackwell},
	volume = {33},
	number = {11},
	pages = {2018-2021},
	author = {Jens-Christian Svenning and Signe Normand and Flemming Skov},
	title = {Range filling in European trees [2]},
	journal = {Journal of Biogeography}
}