@article{ID33847756401,
	doi = {10.1007/s00300-006-0219-1},
	url = {https://doi.org/10.1007%2Fs00300-006-0219-1},
	year = 2006,
	month = {nov},
	publisher = {Springer Nature},
	volume = {30},
	number = {5},
	pages = {601-606},
	author = {Hans Meltofte and Toke T. H{\o}ye and Niels M. Schmidt and Mads C. Forchhammer},
	title = {Differences in food abundance cause inter-annual variation in the breeding phenology of High Arctic waders},
	journal = {Polar Biology}
}