@article{ID33847797055,
	doi = {10.1002/jez.a.347},
	url = {https://doi.org/10.1002%2Fjez.a.347},
	year = 2007,
	month = {mar},
	publisher = {Wiley-Blackwell},
	volume = {307A},
	number = {3},
	pages = {127-139},
	author = {Jeroen Reneerkens and Theunis Piersma and Jaap S. Sinninghe Damst{\'{e}}},
	title = {Expression of annual cycles in preen wax composition in red knots: Constraints on the changing phenotype},
	journal = {Journal of Experimental Zoology Part A: Ecological Genetics and Physiology}
}