@article{ID33750594635,
	doi = {10.1554/06-181.1},
	url = {https://doi.org/10.1554%2F06-181.1},
	year = 2006,
	publisher = {The Society for the Study of Evolution},
	volume = {60},
	number = {8},
	pages = {1718},
	author = {Patrick Basset and Glenn Yannic and Harald Br√ºnner and Jacques Hausser},
	title = {Restricted gene flow at specific parts of the shrew genome in chromosomal hybrid zones},
	journal = {Evolution}
}