@article{ID33749328763,
	doi = {10.1016/j.ijpara.2006.07.001},
	url = {https://doi.org/10.1016%2Fj.ijpara.2006.07.001},
	year = 2006,
	month = {nov},
	publisher = {Elsevier {BV}},
	volume = {36},
	number = {13},
	pages = {1351-1358},
	author = {Vincent M{\'{e}}doc and Lo√Øc Bollache and Jean-Nicolas Beisel},
	title = {Host manipulation of a freshwater crustacean (Gammarus roeseli) by an acanthocephalan parasite (Polymorphus minutus) in a biological invasion context},
	journal = {International Journal for Parasitology}
}