@article{ID33645512621,
	doi = {10.1111/j.1469-7998.2006.00050.x},
	url = {https://doi.org/10.1111%2Fj.1469-7998.2006.00050.x},
	year = 2006,
	month = {may},
	publisher = {Wiley-Blackwell},
	volume = {269},
	number = {1},
	pages = {57-64},
	author = {J. Nystrom and L. Dalen and P. Hellstrom and J. Ekenstedt and H. Angleby and A. Angerbjorn},
	title = {Effect of local prey availability on gyrfalcon diet: DNA analysis on ptarmigan remains at nest sites},
	journal = {Journal of Zoology}
}