@article{ID33745016088,
	doi = {10.1098/rspb.2005.3393},
	url = {https://doi.org/10.1098%2Frspb.2005.3393},
	year = 2006,
	month = {may},
	publisher = {The Royal Society},
	volume = {273},
	number = {1591},
	pages = {1239-1244},
	author = {R. B Weladji and J.-M. Gaillard and N. G Yoccoz and O. Holand and A. Mysterud and A. Loison and M. Nieminen and N. C. Stenseth},
	title = {Good reindeer mothers live longer and become better in raising offspring},
	journal = {Proceedings of the Royal Society B: Biological Sciences}
}