@article{ID33747446547,
	doi = {10.1111/j.1471-8286.2006.01380.x},
	url = {https://doi.org/10.1111%2Fj.1471-8286.2006.01380.x},
	year = 2006,
	month = {sep},
	publisher = {Wiley-Blackwell},
	volume = {6},
	number = {3},
	pages = {603-604},
	author = {DOROTHEE EHRICH},
	title = {AFLPDAT: A collection of R functions for convenient handling of AFLP data},
	journal = {Molecular Ecology Notes}
}