@article{ID33645110300,
	doi = {10.1111/j.1523-1739.2006.00354.x},
	url = {https://doi.org/10.1111%2Fj.1523-1739.2006.00354.x},
	year = 2006,
	month = {apr},
	publisher = {Wiley-Blackwell},
	volume = {20},
	number = {2},
	pages = {501-511},
	author = {ANTOINE GUISAN and OLIVIER BROENNIMANN and ROBIN ENGLER and MATHIAS VUST and NIGEL G. YOCCOZ and ANTHONY LEHMANN and NIKLAUS E. ZIMMERMANN},
	title = {Using niche-based models to improve the sampling of rare species},
	journal = {Conservation Biology}
}