@article{ID33750487183,
	doi = {10.1642/0004-8038(2006)123[1077:ggasir]2.0.co;2},
	url = {https://doi.org/10.1642%2F0004-8038%282006%29123%5B1077%3Aggasir%5D2.0.co%3B2},
	year = 2006,
	publisher = {American Ornithologists{\textquotesingle} Union},
	volume = {123},
	number = {4},
	pages = {1077},
	author = {Julien Mainguy and Gilles Gauthier and Jean-Fran{\c{c}}ois Giroux and JoÃ«l B{\^{e}}ty},
	title = {Gosling growth and survival in relation to brood movements in Greater Snow Geese (Chen caerulescens atlantica)},
	journal = {The Auk}
}