@article{ID33645353062,
	doi = {10.1111/j.1461-0248.2006.00884.x},
	url = {https://doi.org/10.1111%2Fj.1461-0248.2006.00884.x},
	year = 2006,
	month = {mar},
	publisher = {Wiley-Blackwell},
	volume = {9},
	number = {4},
	pages = {399-409},
	author = {Dominique Gravel and Charles D. Canham and Marilou Beaudet and Christian Messier},
	title = {Reconciling niche and neutrality: The continuum hypothesis},
	journal = {Ecology Letters}
}