@article{ID33846518289,
	doi = {10.3354/meps328275},
	url = {https://doi.org/10.3354%2Fmeps328275},
	year = 2006,
	month = {dec},
	publisher = {Inter-Research Science Center},
	volume = {328},
	pages = {275-284},
	author = {Y Ropert-Coudert and RP Wilson and D Gr{\'{e}}millet and A Kato and S Lewis and PG Ryan},
	title = {Electrocardiogram recordings in free-ranging gannets reveal minimum difference in heart rate during flapping versus gliding flight},
	journal = {Marine Ecology Progress Series}
}