@article{ID33645472051,
	doi = {10.1007/s10661-005-9094-4},
	url = {https://doi.org/10.1007%2Fs10661-005-9094-4},
	year = 2006,
	month = {feb},
	publisher = {Springer Nature},
	volume = {113},
	number = {1-3},
	pages = {19-29},
	author = {Mark L. Mallory and Carey Ogilvie and H. Grant Gilchrist},
	title = {A review of the Northern Ecosystem Initiative in Arctic Canada: Facilitating arctic ecosystem research through traditional and novel approaches},
	journal = {Environmental Monitoring and Assessment}
}