@article{ID33846709913,
	doi = {10.1111/j.1469-1795.2006.00075.x},
	url = {https://doi.org/10.1111%2Fj.1469-1795.2006.00075.x},
	year = 2007,
	month = {feb},
	publisher = {Wiley-Blackwell},
	volume = {10},
	number = {1},
	pages = {77-87},
	author = {A. Mysterud and K. A. Barto{\'{n}} and B. J{\k{e}}drzejewska and Z. A. Krasi{\'{n}}ski and M. Niedzia{\l}kowska and J. F. Kamler and N. G. Yoccoz and N. C. Stenseth},
	title = {Population ecology and conservation of endangered megafauna: The case of European bison in Białowieża Primeval Forest, Poland},
	journal = {Animal Conservation}
}