@article{ID33750920654,
	doi = {10.1603/0013-8746(2006)99[809:iomfoi]2.0.co;2},
	url = {https://doi.org/10.1603%2F0013-8746%282006%2999%5B809%3Aiomfoi%5D2.0.co%3B2},
	year = 2006,
	month = {sep},
	publisher = {Oxford University Press ({OUP})},
	volume = {99},
	number = {5},
	pages = {809-820},
	author = {William M. Cook and Robert D. Holt},
	title = {Influence of multiple factors on insect colonization of heterogeneous landscapes: A review and case study with periodical cicadas (Homoptera: Cicadidae)},
	journal = {Annals of the Entomological Society of America}
}