@article{ID33645112104,
	doi = {10.1111/j.0030-1299.2006.14460.x},
	url = {https://doi.org/10.1111%2Fj.0030-1299.2006.14460.x},
	year = 2006,
	month = {apr},
	publisher = {Wiley-Blackwell},
	volume = {113},
	number = {1},
	pages = {106-120},
	author = {Tomas Roslin and Sofia Gripenberg and Juha-Pekka Salminen and Maarit Karonen and Robert B. O{\textquotesingle}Hara and Kalevi Pihlaja and Pertti Pulkkinen},
	title = {Seeing the trees for the leaves - Oaks as mosaics for a host-specific moth},
	journal = {Oikos}
}