@article{ID33745773718,
	doi = {10.1139/f06-030},
	url = {https://doi.org/10.1139%2Ff06-030},
	year = 2006,
	month = {jun},
	publisher = {Canadian Science Publishing},
	volume = {63},
	number = {6},
	pages = {1198-1213},
	author = {Marion Richard and Philippe Archambault and G{\'{e}}rard Thouzeau and Gaston Desrosiers},
	title = {Influence of suspended mussel lines on the biogeochemical fluxes in adjacent water in the ÃŽles-de-la-Madeleine (Quebec, Canada)},
	journal = {Canadian Journal of Fisheries and Aquatic Sciences}
}