@article{ID33645843309,
	doi = {10.1111/j.1365-294x.2006.02891.x},
	url = {https://doi.org/10.1111%2Fj.1365-294x.2006.02891.x},
	year = 2006,
	month = {mar},
	publisher = {Wiley-Blackwell},
	volume = {15},
	number = {6},
	pages = {1577-1587},
	author = {P. BASSET and G. YANNIC and J. HAUSSER},
	title = {Genetic and karyotypic structure in the shrews of the Sorex araneus group: Are they independent?},
	journal = {Molecular Ecology}
}