@article{ID33745236083,
	doi = {10.1007/s10531-004-8227-3},
	url = {https://doi.org/10.1007%2Fs10531-004-8227-3},
	year = 2006,
	month = {jun},
	publisher = {Springer Nature},
	volume = {15},
	number = {7},
	pages = {2301-2323},
	author = {William M. Cook and Robert D. Holt},
	title = {Fire frequency and mosaic burning effects on a tallgrass prairie ground beetle assemblage},
	journal = {Biodiversity and Conservation}
}