@article{ID33749993992,
	doi = {10.1111/j.1461-0248.2006.00967.x},
	url = {https://doi.org/10.1111%2Fj.1461-0248.2006.00967.x},
	year = 2006,
	month = {nov},
	publisher = {Wiley-Blackwell},
	volume = {9},
	number = {11},
	pages = {1173-1178},
	author = {Tiffany M. Knight and Jonathan M. Chase and Helmut Hillebrand and Robert D. Holt},
	title = {Predation on mutualists can reduce the strength of trophic cascades},
	journal = {Ecology Letters}
}