@article{ID33644986728,
	doi = {10.3354/meps308293},
	url = {https://doi.org/10.3354%2Fmeps308293},
	year = 2006,
	month = {feb},
	publisher = {Inter-Research Science Center},
	volume = {308},
	pages = {293-301},
	author = {A Kato and Y Ropert-Coudert and D Gr{\'{e}}millet and B Cannell},
	title = {Locomotion and foraging strategy in foot-propelled and wing-propelled shallow-diving seabirds},
	journal = {Marine Ecology Progress Series}
}