@article{ID33645096284,
	doi = {10.1111/j.1365-2664.2005.01109.x},
	url = {https://doi.org/10.1111%2Fj.1365-2664.2005.01109.x},
	year = 2005,
	month = {nov},
	publisher = {Wiley-Blackwell},
	volume = {43},
	number = {1},
	pages = {92-100},
	author = {MARCEL KLAASSEN and SILKE BAUER and JESPER MADSEN and INGUNN TOMBRE},
	title = {Modelling behavioural and fitness consequences of disturbance for geese along their spring flyway},
	journal = {Journal of Applied Ecology}
}