@article{ID33750588616,
	doi = {10.1242/jeb.02512},
	url = {https://doi.org/10.1242%2Fjeb.02512},
	year = 2006,
	month = {oct},
	publisher = {The Company of Biologists},
	volume = {209},
	number = {19},
	pages = {3952-3952},
	author = {F. Vezina},
	title = {Erratum: Acclimation to different thermal conditions in a northerly wintering shorebird is driven by body mass-related changes in organ size (Journal of Experimental Biology 209, (3141-3154))},
	journal = {Journal of Experimental Biology}
}