@article{ID33746922697,
	doi = {10.1111/j.2006.0030-1299.14701.x},
	url = {https://doi.org/10.1111%2Fj.2006.0030-1299.14701.x},
	year = 2006,
	month = {jul},
	publisher = {Wiley-Blackwell},
	volume = {114},
	number = {1},
	pages = {84-94},
	author = {V. Nyström and A. Angerbjörn and L. Dal{\'{e}}n},
	title = {Genetic consequences of a demographic bottleneck in the Scandinavian arctic fox},
	journal = {Oikos}
}