@article{ID33847345150,
	doi = {10.1086/511314},
	url = {https://doi.org/10.1086%2F511314},
	year = 2007,
	month = {mar},
	publisher = {University of Chicago Press},
	volume = {169},
	number = {3},
	pages = {370-382},
	author = {Tristan Kimbrell and Robert~D. Holt},
	title = {Canalization breakdown and evolution in a source-sink system},
	journal = {The American Naturalist}
}