@article{ID33645117794,
	doi = {10.1007/s00442-005-0321-z},
	url = {https://doi.org/10.1007%2Fs00442-005-0321-z},
	year = 2005,
	month = {dec},
	publisher = {Springer Nature},
	volume = {147},
	number = {4},
	pages = {606-614},
	author = {Sue Lewis and David Gr{\'{e}}millet and Francis Daunt and Peter G. Ryan and Robert J. M. Crawford and Sarah Wanless},
	title = {Using behavioural and state variables to identify proximate causes of population change in a seabird},
	journal = {Oecologia}
}