@article{ID33645102030,
	doi = {10.1111/j.2006.0908-8857.03555.x},
	url = {https://doi.org/10.1111%2Fj.2006.0908-8857.03555.x},
	year = 2006,
	month = {may},
	publisher = {Wiley-Blackwell},
	volume = {37},
	number = {3},
	pages = {283-287},
	author = {Jesper Madsen and Marcel Klaassen},
	title = {Assessing body condition and energy budget components by scoring abdominal profiles in free-ranging pink-footed geese Anser brachyrhynchus},
	journal = {Journal of Avian Biology}
}