@article{ID33645107804,
	doi = {10.1111/j.1365-2656.2005.01018.x},
	url = {https://doi.org/10.1111%2Fj.1365-2656.2005.01018.x},
	year = 2006,
	month = {jan},
	publisher = {Wiley-Blackwell},
	volume = {75},
	number = {1},
	pages = {1-13},
	author = {KAREN E. HODGES and RUDY BOONSTRA and CHARLES J. KREBS},
	title = {Overwinter mass loss of snowshoe hares in the Yukon: Starvation, stress, adaptation or artefact?},
	journal = {Journal of Animal Ecology}
}