@article{ID33847198298,
	doi = {10.1650/0010-5422(2007)109[1:saadot]2.0.co;2},
	url = {https://doi.org/10.1650%2F0010-5422%282007%29109%5B1%3Asaadot%5D2.0.co%3B2},
	year = 2007,
	publisher = {Cooper Ornithological Society},
	volume = {109},
	number = {1},
	pages = {1},
	author = {STEPHEN BROWN and JONATHAN BART and RICHARD B LANCTOT and JAMES A JOHNSON and STEVE KENDALL and DAVID PAYER and JAY JOHNSON},
	title = {Shorebird abundance and distribution on the coastal plain of the Arctic National Wildlife Refuge},
	journal = {The Condor}
}