@article{ID33845276735,
	doi = {10.1603/0046-225x(2006)35[1249:dmiwml]2.0.co;2},
	url = {https://doi.org/10.1603%2F0046-225x%282006%2935%5B1249%3Admiwml%5D2.0.co%3B2},
	year = 2006,
	month = {oct},
	publisher = {Oxford University Press ({OUP})},
	volume = {35},
	number = {5},
	pages = {1249-1253},
	author = {Snorre B. Hagen and Ove S{\o}rlibr{\aa}ten and Rolf A. Ims and Nigel G. Yoccoz},
	title = {Density-dependent melanism in winter moth larvae (Lepidoptera: Geometridae): A countermeasure against parasitoids?},
	journal = {Environmental Entomology}
}