@article{ID33344479365,
	doi = {10.1007/s00227-005-0130-2},
	url = {https://doi.org/10.1007%2Fs00227-005-0130-2},
	year = 2005,
	month = {oct},
	publisher = {Springer Nature},
	volume = {148},
	number = {5},
	pages = {1081-1087},
	author = {David Gr{\'{e}}millet and Manfred R. Enstipp and Maya Boudiffa and He Liu},
	title = {Do cormorants injure fish without eating them? An underwater video study},
	journal = {Marine Biology}
}