@article{ID33845359463,
	doi = {10.1139/z06-096},
	url = {https://doi.org/10.1139%2Fz06-096},
	year = 2006,
	month = {aug},
	publisher = {Canadian Science Publishing},
	volume = {84},
	number = {8},
	pages = {1096-1103},
	author = {J. Mainguy and G. Gauthier and J.-F. Giroux and I. Duclos},
	title = {Habitat use and behaviour of Greater Snow Geese during movements from nesting to brood-rearing areas},
	journal = {Canadian Journal of Zoology}
}