@article{ID33745023399,
	doi = {10.1007/s10592-005-9048-y},
	url = {https://doi.org/10.1007%2Fs10592-005-9048-y},
	year = 2005,
	month = {dec},
	publisher = {Springer Nature},
	volume = {7},
	number = {3},
	pages = {371-382},
	author = {A. Da Silva and G. Luikart and N. G. Yoccoz and A. Cohas and D. Allain{\'{e}}},
	title = {Genetic diversity-fitness correlation revealed by microsatellite analyses in European alpine marmots (Marmota marmota)},
	journal = {Conservation Genetics}
}