@article{ID33644763932,
	doi = {10.1111/j.1365-294x.2005.02848.x},
	url = {https://doi.org/10.1111%2Fj.1365-294x.2005.02848.x},
	year = 2006,
	month = {feb},
	publisher = {Wiley-Blackwell},
	volume = {15},
	number = {3},
	pages = {825-839},
	author = {MARCUS A. KOCH and CHRISTIANE KIEFER and DOROTHEE EHRICH and JOHANNES VOGEL and CHRISTIAN BROCHMANN and KLAUS MUMMENHOFF},
	title = {Three times out of Asia Minor: The phylogeography of Arabis alpina L. (Brassicaceae)},
	journal = {Molecular Ecology}
}