@article{ID33646876612,
	doi = {10.1111/j.2006.0030-1299.14125.x},
	url = {https://doi.org/10.1111%2Fj.2006.0030-1299.14125.x},
	year = 2006,
	month = {may},
	publisher = {Wiley-Blackwell},
	volume = {113},
	number = {2},
	pages = {193-216},
	author = {Olivier Gilg and Beno{\^{\i}}t Sittler and Brigitte Sabard and Arnaud Hurstel and RaphaÃ«l San{\'{e}} and Pierre Delattre and Ilkka Hanski},
	title = {Functional and numerical responses of four lemming predators in high arctic Greenland},
	journal = {Oikos}
}