@article{ID33645395309,
	doi = {10.1111/j.1365-2656.2006.01051.x},
	url = {https://doi.org/10.1111%2Fj.1365-2656.2006.01051.x},
	year = 2006,
	month = {mar},
	publisher = {Wiley-Blackwell},
	volume = {75},
	number = {2},
	pages = {340-349},
	author = {XAVIER LAMBIN and VINCENT BRETAGNOLLE and NIGEL G. YOCCOZ},
	title = {Vole population cycles in northern and southern Europe: Is there a need for different explanations for single pattern?},
	journal = {Journal of Animal Ecology}
}