@article{ID33646524481,
	doi = {10.1111/j.1095-8339.2006.00527.x},
	url = {https://doi.org/10.1111%2Fj.1095-8339.2006.00527.x},
	year = 2006,
	month = {may},
	publisher = {Oxford University Press ({OUP})},
	volume = {151},
	number = {1},
	pages = {113-125},
	author = {STINE BJORHOLM and JENS-CHRISTIAN SVENNING and WILLIAM J. BAKER and FLEMMING SKOV and HENRIK BALSLEV},
	title = {Historical legacies in the geographical diversity patterns of New World palm (Arecaceae) subfamilies},
	journal = {Botanical Journal of the Linnean Society}
}