@article{ID33746866683,
	doi = {10.1675/1524-4695(2006)29[163:asohgb]2.0.co;2},
	url = {https://doi.org/10.1675%2F1524-4695%282006%2929%5B163%3Aasohgb%5D2.0.co%3B2},
	year = 2006,
	month = {jun},
	publisher = {Waterbird Society},
	volume = {29},
	number = {2},
	pages = {163-168},
	author = {Karel A. Allard and Andr{\'{e}} R. Breton and H. Grant Gilchrist and Antony W. Diamond},
	title = {Adult survival of herring gulls breeding in the Canadian Arctic},
	journal = {Waterbirds}
}