@article{ID33646017432,
	doi = {10.1007/s10577-006-1041-x},
	url = {https://doi.org/10.1007%2Fs10577-006-1041-x},
	year = 2006,
	month = {apr},
	publisher = {Springer Nature},
	volume = {14},
	number = {3},
	pages = {253-262},
	author = {Patrick Basset and Glenn Yannic and Fengtang Yang and Patricia C. M. O{\textquotesingle}Brien and Alexander S. Graphodatsky and Malcolm A. Ferguson-Smith and Gabriel Balmus and Vitaly T. Volobouev and Jacques Hausser},
	title = {Chromosome localization of microsatellite markers in the shrews of the Sorex araneus group},
	journal = {Chromosome Research}
}