@article{ID33846257697,
	doi = {10.1016/j.biocon.2006.10.039},
	url = {https://doi.org/10.1016%2Fj.biocon.2006.10.039},
	year = 2007,
	month = {apr},
	publisher = {Elsevier {BV}},
	volume = {135},
	number = {4},
	pages = {459-472},
	author = {Siw T. Killengreen and Rolf A. Ims and Nigel G. Yoccoz and Kari Anne Br{\aa}then and John-Andr{\'{e}} Henden and Tino Schott},
	title = {Structural characteristics of a low Arctic tundra ecosystem and the retreat of the Arctic fox},
	journal = {Biological Conservation}
}