@article{ID33847230203,
	doi = {10.1111/j.1466-8238.2006.00280.x},
	url = {https://doi.org/10.1111%2Fj.1466-8238.2006.00280.x},
	year = 2007,
	month = {mar},
	publisher = {Wiley-Blackwell},
	volume = {16},
	number = {2},
	pages = {234-245},
	author = {Jens-Christian Svenning and Flemming Skov},
	title = {Ice age legacies in the geographical distribution of tree species richness in Europe},
	journal = {Global Ecology and Biogeography}
}