@article{ID33847728673,
	doi = {10.1152/ajpregu.00683.2006},
	url = {https://doi.org/10.1152%2Fajpregu.00683.2006},
	year = 2006,
	month = {nov},
	publisher = {American Physiological Society},
	volume = {292},
	number = {3},
	pages = {R1287-R1297},
	author = {F. Vezina and K. M. Jalvingh and A. Dekinga and T. Piersma},
	title = {Thermogenic side effects to migratory predisposition in shorebirds},
	journal = {{AJP}: Regulatory, Integrative and Comparative Physiology}
}