@article{ID33645293169,
	doi = {10.1242/jeb.02064},
	url = {https://doi.org/10.1242%2Fjeb.02064},
	year = 2006,
	month = {mar},
	publisher = {The Company of Biologists},
	volume = {209},
	number = {5},
	pages = {845-859},
	author = {M. R. Enstipp},
	title = {The effects of depth, temperature and food ingestion on the foraging energetics of a diving endotherm, the double-crested cormorant (Phalacrocorax auritus)},
	journal = {Journal of Experimental Biology}
}