@article{ID33847626039,
	doi = {10.1111/j.1365-294x.2007.03232.x},
	url = {https://doi.org/10.1111%2Fj.1365-294x.2007.03232.x},
	year = 2007,
	month = {jan},
	publisher = {Wiley-Blackwell},
	volume = {16},
	number = {6},
	pages = {1233-1243},
	author = {MULUGETA KEBEDE and DOROTHEE EHRICH and PIERRE TABERLET and SILESHI NEMOMISSA and CHRISTIAN BROCHMANN},
	title = {Phylogeography and conservation genetics of a giant lobelia (Lobelia giberroa) in Ethiopian and Tropical East African mountains},
	journal = {Molecular Ecology}
}