@article{ID33947310928,
	doi = {10.1016/j.ijpara.2006.12.006},
	url = {https://doi.org/10.1016%2Fj.ijpara.2006.12.006},
	year = 2007,
	month = {may},
	publisher = {Elsevier {BV}},
	volume = {37},
	number = {6},
	pages = {637-644},
	author = {Yannick Moret and Lo√Øc Bollache and R{\'{e}}mi Wattier and Thierry Rigaud},
	title = {Is the host or the parasite the most locally adapted in an amphipod-acanthocephalan relationship? A case study in a biological invasion context},
	journal = {International Journal for Parasitology}
}