@article{ID33644945740,
	doi = {10.1111/j.1365-2745.2005.01016.x},
	url = {https://doi.org/10.1111%2Fj.1365-2745.2005.01016.x},
	year = 2005,
	month = {oct},
	publisher = {Wiley-Blackwell},
	volume = {93},
	number = {5},
	pages = {853-862},
	author = {JENS-CHRISTIAN SVENNING and S. JOSEPH WRIGHT},
	title = {Seed limitation in a Panamanian forest},
	journal = {Journal of Ecology}
}