@article{ID33745595342,
	doi = {10.1093/beheco/ark002},
	url = {https://doi.org/10.1093%2Fbeheco%2Fark002},
	year = 2006,
	month = {may},
	publisher = {Oxford University Press ({OUP})},
	volume = {17},
	number = {4},
	pages = {614-621},
	author = {Laura McKinnon and H. Grant Gilchrist and Kim T. Scribner},
	title = {Genetic evidence for kin-based female social structure in common eiders (Somateria mollissima)},
	journal = {Behavioral Ecology}
}