@article{ID33644551218,
	doi = {10.1658/1100-9233(2006)017[0037:eoaato]2.0.co;2},
	url = {https://doi.org/10.1658%2F1100-9233%282006%29017%5B0037%3Aeoaato%5D2.0.co%3B2},
	year = 2006,
	publisher = {Wiley-Blackwell},
	volume = {17},
	number = {1},
	pages = {37},
	author = {Hans Henrik Bruun and Jon Moen and Risto Virtanen and John-Arvid Grytnes and Lauri Oksanen and Anders Angerbj√∂rn},
	title = {Effects of altitude and topography on species richness of vascular plants, bryophytes and lichens in alpine communities},
	journal = {Journal of Vegetation Science}
}