@article{ID33748672501,
	doi = {10.1007/s11258-006-9120-9},
	url = {https://doi.org/10.1007%2Fs11258-006-9120-9},
	year = 2006,
	month = {mar},
	publisher = {Springer Nature},
	volume = {186},
	number = {2},
	pages = {161-176},
	author = {Signe Normand and Jaana Vormisto and Jens-Christian Svenning and C{\'{e}}sar Gr{\'{a}}ndez and Henrik Balslev},
	title = {Geographical and environmental controls of palm beta diversity in paleo-riverine terrace forests in Amazonian Peru},
	journal = {Plant Ecology}
}