@article{ID33748962342,
	doi = {10.3354/meps319015},
	url = {https://doi.org/10.3354%2Fmeps319015},
	year = 2006,
	month = {aug},
	publisher = {Inter-Research Science Center},
	volume = {319},
	pages = {15-25},
	author = {D Gr{\'{e}}millet and L Pichegru and F Siorat and JY Georges},
	title = {Conservation implications of the apparent mismatch between population dynamics and foraging effort in French northern gannets from the English Channel},
	journal = {Marine Ecology Progress Series}
}