@article{ID33750273032,
	doi = {10.1007/s10021-004-0173-0},
	url = {https://doi.org/10.1007%2Fs10021-004-0173-0},
	year = 2006,
	month = {sep},
	publisher = {Springer Nature},
	volume = {9},
	number = {6},
	pages = {992-1008},
	author = {C. Davey and A. R. E. Sinclair and R. P. Pech and A. D. Arthur and C. J. Krebs and A. E. Newsome and D. Hik and R. Molsher and K. Allcock},
	title = {Do exotic vertebrates structure the biota of Australia? An experimental test in New South Wales},
	journal = {Ecosystems}
}