@article{ID33847202225,
	doi = {10.1650/0010-5422(2007)109[15:eonhfa]2.0.co;2},
	url = {https://doi.org/10.1650%2F0010-5422%282007%29109%5B15%3Aeonhfa%5D2.0.co%3B2},
	year = 2007,
	publisher = {Cooper Ornithological Society},
	volume = {109},
	number = {1},
	pages = {15},
	author = {PAUL ALLEN SMITH and H GRANT GILCHRIST and JAMES N. M SMITH},
	title = {Effects of nest habitat, food, and parental behavior on shorebird nest success},
	journal = {The Condor}
}