@article{ID33947305076,
	doi = {10.1111/j.1365-2664.2006.01264.x},
	url = {https://doi.org/10.1111%2Fj.1365-2664.2006.01264.x},
	year = 2007,
	month = {feb},
	publisher = {Wiley-Blackwell},
	volume = {44},
	number = {2},
	pages = {291-301},
	author = {C. K. WILLIAMS and C. C. DAVEY and R. J. MOORE and L. A. HINDS and L. E. SILVERS and P. J. KERR and N. FRENCH and G. M. HOOD and R. P. PECH and C. J. KREBS},
	title = {Population responses to sterility imposed on female European rabbits},
	journal = {Journal of Applied Ecology}
}