@article{ID33845657874,
	doi = {10.1111/j.1365-2745.2006.01192.x},
	url = {https://doi.org/10.1111%2Fj.1365-2745.2006.01192.x},
	year = 2007,
	month = {jan},
	publisher = {Wiley-Blackwell},
	volume = {95},
	number = {1},
	pages = {115-128},
	author = {RICARDO M. HOLDO and ROBERT D. HOLT and MICHAEL B. COUGHENOUR and MARK E. RITCHIE},
	title = {Plant productivity and soil nitrogen as a function of grazing, migration and fire in an African savanna},
	journal = {Journal of Ecology}
}