@article{ID33845354139,
	doi = {10.1890/0012-9658(2006)87[2447:ivemsi]2.0.co;2},
	url = {https://doi.org/10.1890%2F0012-9658%282006%2987%5B2447%3Aivemsi%5D2.0.co%3B2},
	year = 2006,
	month = {oct},
	publisher = {Wiley-Blackwell},
	volume = {87},
	number = {10},
	pages = {2447-2458},
	author = {Fran{\c{c}}ois V{\'{e}}zina and John R. Speakman and Tony D. Williams},
	title = {Individually variable energy management strategies in relation to energetic costs of egg production},
	journal = {Ecology}
}