@article{ID33845351965,
	doi = {10.1080/17451000601023896},
	url = {https://doi.org/10.1080%2F17451000601023896},
	year = 2006,
	month = {dec},
	publisher = {Informa {UK} Limited},
	volume = {2},
	number = {6},
	pages = {411-419},
	author = {Anders Angerbjörn and Patrik Börjesson and Katrin Brandberg},
	title = {Stable isotope analysis of harbour porpoises and their prey from the Baltic and Kattegat/Skagerrak Seas},
	journal = {Marine Biology Research}
}