@article{ID33947158093,
	doi = {10.3354/meps331291},
	url = {https://doi.org/10.3354%2Fmeps331291},
	year = 2007,
	month = {feb},
	publisher = {Inter-Research Science Center},
	volume = {331},
	pages = {291-304},
	author = {M Cusson and P Archambault and A Aitken},
	title = {Biodiversity of benthic assemblages on the Arctic continental shelf: Historical data from Canada},
	journal = {Marine Ecology Progress Series}
}