@article{ID33749183063,
	doi = {10.1242/jeb.02338},
	url = {https://doi.org/10.1242%2Fjeb.02338},
	year = 2006,
	month = {aug},
	publisher = {The Company of Biologists},
	volume = {209},
	number = {16},
	pages = {3141-3154},
	author = {F. Vezina},
	title = {Acclimation to different thermal conditions in a northerly wintering shorebird is driven by body mass-related changes in organ size},
	journal = {Journal of Experimental Biology}
}