@article{ID33846831604,
	doi = {10.1650/0010-5422(2007)109[32:atdose]2.0.co;2},
	url = {https://doi.org/10.1650%2F0010-5422%282007%29109%5B32%3Aatdose%5D2.0.co%3B2},
	year = 2007,
	publisher = {Cooper Ornithological Society},
	volume = {109},
	number = {1},
	pages = {32},
	author = {JOSEPH R LIEBEZEIT and PAUL A SMITH and RICHARD B LANCTOT and HANS SCHEKKERMAN and INGRID TULP and STEVE J KENDALL and DIANE M TRACY and ROBERT J RODRIGUES and HANS MELTOFTE and JULIE A ROBINSON and CHERI GRATTO-TREVOR and BRIAN J MCCAFFERY and JULIE MORSE and STEVE W ZACK},
	title = {Assessing the development of shorebird eggs using the flotation method: Species-specific and generalized regression models},
	journal = {The Condor}
}