@article{ID34247855751,
	doi = {10.1016/j.anbehav.2006.06.019},
	url = {https://doi.org/10.1016%2Fj.anbehav.2006.06.019},
	year = 2007,
	month = {may},
	publisher = {Elsevier {BV}},
	volume = {73},
	number = {5},
	pages = {845-854},
	author = {Matthieu Guillemain and Celine Arzel and Pierre Legagneux and Johan Elmberg and Herve Fritz and Michel Lepley and Christophe Pin and Antoine Arnaud and Gregoire Massez},
	title = {Predation risk constrains the plasticity of foraging behaviour in teals, Anas crecca: a flyway-level circumannual approach},
	journal = {Animal Behaviour}
}