@article{ID34249084002,
	doi = {10.1111/j.1365-2664.2007.01293.x},
	url = {https://doi.org/10.1111%2Fj.1365-2664.2007.01293.x},
	year = 2007,
	month = {mar},
	publisher = {Wiley-Blackwell},
	volume = {44},
	number = {3},
	pages = {653-662},
	author = {HENNING NOER and JESPER MADSEN and POUL HARTMANN},
	title = {Reducing wounding of game by shotgun hunting: Effects of a Danish action plan on pink-footed geese},
	journal = {Journal of Applied Ecology}
}