@article{ID34247577191,
	doi = {10.1007/s00300-006-0235-1},
	url = {https://doi.org/10.1007%2Fs00300-006-0235-1},
	year = 2006,
	month = {nov},
	publisher = {Springer Nature},
	volume = {30},
	number = {6},
	pages = {759-768},
	author = {A. D. Fox and E. Bergersen and I. M. Tombre and J. Madsen},
	title = {Minimal intra-seasonal dietary overlap of barnacle and pink-footed geese on their breeding grounds in Svalbard},
	journal = {Polar Biology}
}