@incollection{ID34748828845,
	doi = {10.1007/1-4020-4925-0_17},
	url = {https://doi.org/10.1007%2F1-4020-4925-0_17},
	publisher = {Kluwer Academic Publishers},
	pages = {371-403},
	author = {Karin C. Harding and John M. McNamara and Robert D. Holt},
	title = {Understanding invasions in patchy habitats through metapopulation theory},
	booktitle = {Conceptual Ecology and Invasion Biology: Reciprocal Approaches to Nature},
	year = {2006},
	journal = {Conceptual Ecology and Invasion Biology: Reciprocal Approaches to Nature}
}