@article{ID34047190897,
	doi = {10.1111/j.2007.0030-1299.15415.x},
	url = {https://doi.org/10.1111%2Fj.2007.0030-1299.15415.x},
	year = 2007,
	month = {apr},
	publisher = {Wiley-Blackwell},
	volume = {116},
	number = {4},
	pages = {592-600},
	author = {Sofia Gripenberg and Juha-Pekka Salminen and Tomas Roslin},
	title = {A tree in the eyes of a moth - Temporal variation in oak leaf quality and leaf-miner performance},
	journal = {Oikos}
}