@article{ID34247197776,
	doi = {10.1111/j.1365-2745.2007.01219.x},
	url = {https://doi.org/10.1111%2Fj.1365-2745.2007.01219.x},
	year = 2007,
	month = {may},
	publisher = {Wiley-Blackwell},
	volume = {95},
	number = {3},
	pages = {458-467},
	author = {MARILOU BEAUDET and JACQUES BRISSON and DOMINIQUE GRAVEL and CHRISTIAN MESSIER},
	title = {Effect of a major canopy disturbance on the coexistence of Acer saccharum and Fagus grandifolia in the understorey of an old-growth forest},
	journal = {Journal of Ecology}
}