@article{ID34147173356,
	doi = {10.1016/j.mbs.2006.09.010},
	url = {https://doi.org/10.1016%2Fj.mbs.2006.09.010},
	year = 2007,
	month = {may},
	publisher = {Elsevier {BV}},
	volume = {207},
	number = {1},
	pages = {58-77},
	author = {Maia Martcheva and Sergei S. Pilyugin and Robert D. Holt},
	title = {Subthreshold and superthreshold coexistence of pathogen variants: The impact of host age-structure},
	journal = {Mathematical Biosciences}
}