@article{ID34548185187,
	doi = {10.1139/b07-039},
	url = {https://doi.org/10.1139%2Fb07-039},
	year = 2007,
	month = {may},
	publisher = {Canadian Science Publishing},
	volume = {85},
	number = {5},
	pages = {457-462},
	author = {Beno{\^{\i}}t Audet and Esther L{\'{e}}vesque and Gilles Gauthier},
	title = {Seasonal variation in plant nutritive quality for Greater Snow Goose goslings in mesic tundra},
	journal = {Canadian Journal of Botany}
}