@article{ID34548570134,
	doi = {10.1111/j.1365-294x.2007.03435.x},
	url = {https://doi.org/10.1111%2Fj.1365-294x.2007.03435.x},
	year = 2007,
	month = {sep},
	publisher = {Wiley-Blackwell},
	volume = {16},
	number = {18},
	pages = {3737-3758},
	author = {A. Bonin and D. Ehrich and S. Manel},
	title = {Statistical analysis of amplified fragment length polymorphism data: A toolbox for molecular ecologists and evolutionists},
	journal = {Molecular Ecology}
}