@article{ID34547960408,
	doi = {10.1163/156853807780202530},
	url = {https://doi.org/10.1163%2F156853807780202530},
	year = 2007,
	month = {apr},
	publisher = {Brill Academic Publishers},
	volume = {28},
	number = {2},
	pages = {287-294},
	author = {J{\'{e}}r{\^{o}}me Pellet and V{\'{e}}ronique Helfer and Glenn Yannic},
	title = {Estimating population size in the European tree frog (Hyla arborea) using individual recognition and chorus counts},
	journal = {Amphibia-Reptilia}
}