@article{ID34248598472,
	doi = {10.1139/z06-197},
	url = {https://doi.org/10.1139%2Fz06-197},
	year = 2007,
	month = {jan},
	publisher = {Canadian Science Publishing},
	volume = {85},
	number = {1},
	pages = {122-132},
	author = {{\AA}. {\O}. Pedersen and J. U. Jepsen and N. G. Yoccoz and E. Fuglei},
	title = {Ecological correlates of the distribution of territorial Svalbard rock ptarmigan (Lagopus muta hyperborea)},
	journal = {Canadian Journal of Zoology}
}