@article{ID34948890484,
	doi = {10.2989/ajms.2007.29.2.1.184},
	url = {https://doi.org/10.2989%2Fajms.2007.29.2.1.184},
	year = 2007,
	month = {aug},
	publisher = {Informa {UK} Limited},
	volume = {29},
	number = {2},
	pages = {153-160},
	author = {PG Ryan and SL Petersen and A Simeone and D Gr{\'{e}}millet},
	title = {Diving behaviour of African penguins: Do they differ from other Spheniscus penguins?},
	journal = {African Journal of Marine Science}
}