@article{ID34547917953,
	doi = {10.1111/j.1365-2656.2007.01261.x},
	url = {https://doi.org/10.1111%2Fj.1365-2656.2007.01261.x},
	year = 2007,
	month = {sep},
	publisher = {Wiley-Blackwell},
	volume = {76},
	number = {5},
	pages = {854-865},
	author = {SOFIA GRIPENBERG and ELLY MORRIÃ‹N and AILEEN CUDMORE and JUHA-PEKKA SALMINEN and TOMAS ROSLIN},
	title = {Resource selection by female moths in a heterogeneous environment: What is a poor girl to do?},
	journal = {Journal of Animal Ecology}
}