@article{ID34249098060,
	doi = {10.1676/05-140.1},
	url = {https://doi.org/10.1676%2F05-140.1},
	year = 2006,
	month = {dec},
	publisher = {Wilson Ornithological Society},
	volume = {118},
	number = {4},
	pages = {471-477},
	author = {VINCENT CAREAU and JEAN-FRAN{\c{C}}OIS THERRIEN and PABLO PORRAS and DON THOMAS and KEITH BILDSTEIN},
	title = {Soaring and gliding flight of migrating Broad-winged Hawks: Behavior in the nearctic and neotropics compared},
	journal = {The Wilson Journal of Ornithology}
}