@article{ID34547619914,
	doi = {10.1890/06-0953},
	url = {https://doi.org/10.1890%2F06-0953},
	year = 2007,
	month = {jun},
	publisher = {Wiley-Blackwell},
	volume = {88},
	number = {6},
	pages = {1420-1429},
	author = {Gilles Gauthier and Panagiotis Besbeas and Jean-Dominique Lebreton and Byron J. T. Morgan},
	title = {Population growth in snow geese: A modeling approach integrating demographic and survey information},
	journal = {Ecology}
}