@article{ID34948825367,
	doi = {10.1017/s0031182007003228},
	url = {https://doi.org/10.1017%2Fs0031182007003228},
	year = 2007,
	month = {jul},
	publisher = {Cambridge University Press ({CUP})},
	volume = {134},
	number = {12},
	author = {N. FRANCESCHI and T. RIGAUD and Y. MORET and F. HERVANT and L. BOLLACHE},
	title = {Behavioural and physiological effects of the trophically transmitted cestode parasite, Cyathocephalus truncatus, on its intermediate host, Gammarus pulex},
	journal = {Parasitology},
	pages = {1839-1847}
}