@article{ID34247875897,
	doi = {10.1016/j.anbehav.2006.10.015},
	url = {https://doi.org/10.1016%2Fj.anbehav.2006.10.015},
	year = 2007,
	month = {may},
	publisher = {Elsevier {BV}},
	volume = {73},
	number = {5},
	pages = {877-884},
	author = {Joel P. Heath and H. Grant Gilchrist and Ronald C. Ydenberg},
	title = {Can dive cycle models predict patterns of foraging behaviour? Diving by common eiders in an Arctic polynya},
	journal = {Animal Behaviour}
}