@article{ID34249938049,
	doi = {10.1139/z07-014},
	url = {https://doi.org/10.1139%2Fz07-014},
	year = 2007,
	month = {feb},
	publisher = {Canadian Science Publishing},
	volume = {85},
	number = {3},
	pages = {338-343},
	author = {L. E. Carmichael and G. Szor and D. Berteaux and M. A. Giroux and C. Cameron and C. Strobeck},
	title = {Free love in the far north: Plural breeding and polyandry of arctic foxes (Alopex lagopus) on Bylot Island, Nunavut},
	journal = {Canadian Journal of Zoology}
}