@article{ID34848835126,
	doi = {10.1645/ge-1108r.1},
	url = {https://doi.org/10.1645%2Fge-1108r.1},
	year = 2007,
	month = {aug},
	publisher = {American Society of Parasitologists},
	volume = {93},
	number = {4},
	pages = {750-754},
	author = {Yannick Outreman and Frank C{\'{e}}zilly and Lo√Øc Bollache},
	title = {Field evidence of host size-dependent parasitism in two manipulative parasites},
	journal = {Journal of Parasitology}
}