@article{ID34250807252,
	doi = {10.3354/meps338295},
	url = {https://doi.org/10.3354%2Fmeps338295},
	year = 2007,
	month = {may},
	publisher = {Inter-Research Science Center},
	volume = {338},
	pages = {295-305},
	author = {KC Hamer and EM Humphreys and S Garthe and J Hennicke and G Peters and D Gr{\'{e}}millet and RA Phillips and MP Harris and S Wanless},
	title = {Annual variation in diets, feeding locations and foraging behaviour of gannets in the North Sea: Flexibility, consistency and constraint},
	journal = {Marine Ecology Progress Series}
}