@article{ID34548531156,
	doi = {10.1007/s00300-007-0296-9},
	url = {https://doi.org/10.1007%2Fs00300-007-0296-9},
	year = 2007,
	month = {may},
	publisher = {Springer Nature},
	volume = {30},
	number = {11},
	pages = {1363-1372},
	author = {Jesper Madsen and Mikkel Tamstorf and Marcel Klaassen and Nina Eide and Christian Glahder and Frank Rig{\'{e}}t and Helene Nyegaard and Fred Cottaar},
	title = {Effects of snow cover on the timing and success of reproduction in high-Arctic pink-footed geese Anser brachyrhynchus},
	journal = {Polar Biology}
}