@article{ID34247235767,
	doi = {10.1111/j.0906-7590.2001.04976.x},
	url = {https://doi.org/10.1111%2Fj.0906-7590.2001.04976.x},
	year = 2007,
	month = {apr},
	publisher = {Wiley-Blackwell},
	volume = {30},
	number = {2},
	pages = {308-320},
	author = {Kari Anne Br{\aa}then and Victoria T. Gonz{\'{a}}lez and Marianne Iversen and Siw Killengreen and Virve T. Ravolainen and Rolf A. Ims and Nigel G. Yoccoz},
	title = {Endozoochory varies with ecological scale and context},
	journal = {Ecography}
}