@article{ID34250877766,
	doi = {10.3354/meps338131},
	url = {https://doi.org/10.3354%2Fmeps338131},
	year = 2007,
	month = {may},
	publisher = {Inter-Research Science Center},
	volume = {338},
	pages = {131-143},
	author = {M Richard and P Archambault and G Thouzeau and G Desrosiers},
	title = {Summer influence of 1 and 2 yr old mussel cultures on benthic fluxes in Grande-Entrée lagoon, Îles-de-la-Madeleine (Québec, Canada)},
	journal = {Marine Ecology Progress Series}
}