@article{ID34648823477,
	doi = {10.1007/s10021-007-9060-9},
	url = {https://doi.org/10.1007%2Fs10021-007-9060-9},
	year = 2007,
	month = {jul},
	publisher = {Springer Nature},
	volume = {10},
	number = {4},
	pages = {607-622},
	author = {Rolf A. Ims and Nigel G. Yoccoz and Kari Anne Br{\aa}then and Per Fauchald and Torkild Tveraa and Vera Hausner},
	title = {Can reindeer overabundance cause a trophic cascade?},
	journal = {Ecosystems}
}