@article{ID34249850055,
	doi = {10.1073/pnas.0701341104},
	url = {https://doi.org/10.1073%2Fpnas.0701341104},
	year = 2007,
	month = {apr},
	publisher = {Proceedings of the National Academy of Sciences},
	volume = {104},
	number = {16},
	pages = {6726-6729},
	author = {L. Dalen and V. Nystrom and C. Valdiosera and M. Germonpre and M. Sablin and E. Turner and A. Angerbjorn and J. L. Arsuaga and A. Gotherstrom},
	title = {Ancient DNA reveals lack of postglacial habitat tracking in the arctic fox},
	journal = {Proceedings of the National Academy of Sciences}
}