@article{ID34249041292,
	doi = {10.3354/meps335207},
	url = {https://doi.org/10.3354%2Fmeps335207},
	year = 2007,
	month = {apr},
	publisher = {Inter-Research Science Center},
	volume = {335},
	pages = {207-216},
	author = {T Doniol-Valcroze and D Berteaux and P Larouche and R Sears},
	title = {Influence of thermal fronts on habitat selection by four rorqual whale species in the Gulf of St. Lawrence},
	journal = {Marine Ecology Progress Series}
}