@article{ID34250881116,
	doi = {10.3354/meps338225},
	url = {https://doi.org/10.3354%2Fmeps338225},
	year = 2007,
	month = {may},
	publisher = {Inter-Research Science Center},
	volume = {338},
	pages = {225-232},
	author = {JY Georges and S Fossette and A Billes and S Ferraroli and J Fretey and D Gr{\'{e}}millet and Y Le Maho and AE Myers and H Tanaka and GC Hays},
	title = {Meta-analysis of movements in Atlantic leatherback turtles during the nesting season: Conservation implications},
	journal = {Marine Ecology Progress Series}
}