@article{ID34548450742,
	doi = {10.1007/s10531-007-9218-y},
	url = {https://doi.org/10.1007%2Fs10531-007-9218-y},
	year = 2007,
	month = {jul},
	publisher = {Springer Nature},
	volume = {16},
	number = {10},
	pages = {2771-2787},
	author = {Narel Y. Paniagua Zambrana and Anja Byg and Jens-Christian Svenning and Monica Moraes and Cesar Grandez and Henrik Balslev},
	title = {Diversity of palm uses in the western Amazon},
	journal = {Biodiversity and Conservation}
}