@article{ID34547132547,
	doi = {10.1111/j.1744-7429.2007.00304.x},
	url = {https://doi.org/10.1111%2Fj.1744-7429.2007.00304.x},
	year = 2007,
	month = {jul},
	publisher = {Wiley-Blackwell},
	volume = {39},
	number = {4},
	pages = {468-475},
	author = {Diane W Davidson and Jean-Philippe Lessard and Christopher R. Bernau and Steven C. Cook},
	title = {The tropical ant mosaic in a primary Bornean rain forest},
	journal = {Biotropica}
}