@article{ID34047123112,
	doi = {10.1007/s10336-006-0120-2},
	url = {https://doi.org/10.1007%2Fs10336-006-0120-2},
	year = 2006,
	month = {dec},
	publisher = {Springer Nature},
	volume = {148},
	number = {2},
	pages = {251-254},
	author = {Matthieu Guillemain and C{\'{e}}line Arzel and Pierre Legagneux and Johan Elmberg and Herv{\'{e}} Fritz and Michel Lepley and Christophe Pin and Antoine Arnaud and Gr{\'{e}}goire Massez},
	title = {Risky foraging leads to cost-free mate guarding in male teal Anas crecca},
	journal = {Journal of Ornithology}
}