@article{ID34648824463,
	doi = {10.1007/s10021-007-9058-3},
	url = {https://doi.org/10.1007%2Fs10021-007-9058-3},
	year = 2007,
	month = {sep},
	publisher = {Springer Nature},
	volume = {10},
	number = {5},
	pages = {773-789},
	author = {Kari Anne Br{\aa}then and Rolf A. Ims and Nigel G. Yoccoz and Per Fauchald and Torkild Tveraa and Vera H. Hausner},
	title = {Induced shift in ecosystem productivity? Extensive scale effects of abundant large herbivores},
	journal = {Ecosystems}
}