@article{ID34548553352,
	doi = {10.1111/j.0908-8857.2007.04082.x},
	url = {https://doi.org/10.1111%2Fj.0908-8857.2007.04082.x},
	year = 2007,
	month = {sep},
	publisher = {Wiley-Blackwell},
	volume = {38},
	number = {5},
	pages = {612-618},
	author = {Eloise Rowland and Oliver P. Love and Jan J. Verspoor and Lani Sheldon and Tony D. Williams},
	title = {Manipulating rearing conditions reveals developmental sensitivity in the smaller sex of a passerine bird, the European starling Sturnus vulgaris},
	journal = {Journal of Avian Biology}
}