@article{ID34250742432,
	doi = {10.1111/j.1365-2656.2007.01255.x},
	url = {https://doi.org/10.1111%2Fj.1365-2656.2007.01255.x},
	year = 2007,
	month = {jul},
	publisher = {Wiley-Blackwell},
	volume = {76},
	number = {4},
	pages = {703-710},
	author = {PHILIPPE CHRISTE and OLIVIER GLAIZOT and GUILLAUME EVANNO and NADIA BRUYNDONCKX and GODEFROY DEVEVEY and GLENN YANNIC and PATRICK PATTHEY and ARNAUD MAEDER and PETER VOGEL and RAPHAÃ‹L ARLETTAZ},
	title = {Host sex and ectoparasites choice: Preference for, and higher survival on female hosts},
	journal = {Journal of Animal Ecology}
}