@article{ID34248653741,
	doi = {10.1650/0010-5422(2007)109[361:feogsg]2.0.co;2},
	url = {https://doi.org/10.1650%2F0010-5422%282007%29109%5B361%3Afeogsg%5D2.0.co%3B2},
	year = 2007,
	publisher = {Cooper Ornithological Society},
	volume = {109},
	number = {2},
	pages = {361},
	author = {BENO{\^{I}}T AUDET and GILLES GAUTHIER and ESTHER L{\'{E}}VESQUE},
	title = {Feeding ecology of greater snow goose goslings in mesic tundra on Bylot Island, Nunavut, Canada},
	journal = {The Condor}
}