@article{ID34249789897,
	doi = {10.1111/j.1461-0248.2007.01049.x},
	url = {https://doi.org/10.1111%2Fj.1461-0248.2007.01049.x},
	year = 2007,
	month = {jul},
	publisher = {Wiley-Blackwell},
	volume = {10},
	number = {7},
	pages = {574-585},
	author = {Zachary T. Long and Owen L. Petchey and Robert D. Holt},
	title = {The effects of immigration and environmental variability on the persistence of an inferior competitor},
	journal = {Ecology Letters}
}