@article{ID34250494351,
	doi = {10.1007/bf02377216},
	url = {https://doi.org/10.1007%2Fbf02377216},
	year = 1969,
	month = {mar},
	publisher = {Springer Nature},
	volume = {3},
	number = {3},
	pages = {256-262},
	author = {A. A. Sokolov},
	title = {Discussion of construction norms - Methodology of computing maximum snow melt flows},
	journal = {Hydrotechnical Construction}
}