@article{ID34248665569,
	doi = {10.1111/j.1469-7998.2006.00262.x},
	url = {https://doi.org/10.1111%2Fj.1469-7998.2006.00262.x},
	year = 2007,
	month = {jun},
	publisher = {Wiley-Blackwell},
	volume = {272},
	number = {2},
	pages = {227-234},
	author = {B. Lyberth and A. Landa and J. Nagy and A. Loison and C. R. Olesen and A. Gunn and M. C. Forchhammer},
	title = {Muskoxen in the high Arctic-temporal and spatial differences in body size},
	journal = {Journal of Zoology}
}