@article{ID34547997185,
	doi = {10.1111/j.1466-8238.2007.00316.x},
	url = {https://doi.org/10.1111%2Fj.1466-8238.2007.00316.x},
	year = 2007,
	month = {sep},
	publisher = {Wiley-Blackwell},
	volume = {16},
	number = {5},
	pages = {640-649},
	author = {Nathan J. Sanders and Jean-Philippe Lessard and Matthew C. Fitzpatrick and Robert R. Dunn},
	title = {Temperature, but not productivity or geometry, predicts elevational diversity gradients in ants across spatial grains},
	journal = {Global Ecology and Biogeography}
}