@article{ID34247153522,
	doi = {10.1159/000100412},
	url = {https://doi.org/10.1159%2F000100412},
	year = 2007,
	publisher = {S. Karger {AG}},
	volume = {116},
	number = {4},
	pages = {282-288},
	author = {P. Basset and G. Yannic and H. Br√ºnner and J. Hausser},
	title = {Using a Bayesian method to assign individuals to karyotypic taxa in shrew hybrid zones},
	journal = {Cytogenetic and Genome Research}
}