@article{ID34848859500,
	doi = {10.1007/s10336-007-0148-y},
	url = {https://doi.org/10.1007%2Fs10336-007-0148-y},
	year = 2007,
	month = {jun},
	publisher = {Springer Nature},
	volume = {148},
	number = {4},
	pages = {537-541},
	author = {Pierre Legagneux and Martine Duhart and Vincent Schricke},
	title = {Seeds consumed by waterfowl in winter: A review of methods and a new web-based photographic atlas for seed identification},
	journal = {Journal of Ornithology}
}