@article{ID34147110291,
	doi = {10.1007/s00265-006-0341-7},
	url = {https://doi.org/10.1007%2Fs00265-006-0341-7},
	year = 2007,
	month = {jan},
	publisher = {Springer Nature},
	volume = {61},
	number = {7},
	pages = {1081-1092},
	author = {A. Cohas and N. G. Yoccoz and D. Allain{\'{e}}},
	title = {Extra-pair paternity in alpine marmots, Marmota marmota: Genetic quality and genetic diversity effects},
	journal = {Behavioral Ecology and Sociobiology}
}