@article{ID34547668759,
	doi = {10.1016/j.tree.2007.06.009},
	url = {https://doi.org/10.1016%2Fj.tree.2007.06.009},
	year = 2007,
	month = {sep},
	publisher = {Elsevier {BV}},
	volume = {22},
	number = {9},
	pages = {465-471},
	author = {D SAX and J STACHOWICZ and J BROWN and J BRUNO and M DAWSON and S GAINES and R GROSBERG and A HASTINGS and R HOLT and M MAYFIELD},
	title = {Ecological and evolutionary insights from species invasions},
	journal = {Trends in Ecology {\&} Evolution}
}