@article{ID34249017172,
	doi = {10.2193/2006-108},
	url = {https://doi.org/10.2193%2F2006-108},
	year = 2007,
	month = {jul},
	publisher = {Wiley-Blackwell},
	volume = {71},
	number = {5},
	pages = {1427-1430},
	author = {JESPER MADSEN and FRANK RIG{\'{E}}T},
	title = {Do embedded shotgun pellets have a chronic effect on body condition of pink-footed geese?},
	journal = {Journal of Wildlife Management}
}