@article{ID34249024373,
	doi = {10.1111/j.1742-4658.2007.05825.x},
	url = {https://doi.org/10.1111%2Fj.1742-4658.2007.05825.x},
	year = 2007,
	month = {may},
	publisher = {Wiley-Blackwell},
	volume = {274},
	number = {11},
	pages = {2933-2945},
	author = {Benjamin Marie and Gilles Luquet and Jean-Paul Pais De Barros and Nathalie Guichard and Sylvain Morel and G{\'{e}}rard Alcaraz and Lo√Øc Bollache and Fr{\'{e}}d{\'{e}}ric Marin},
	title = {The shell matrix of the freshwater mussel Unio pictorum (Paleoheterodonta, Unionoida): Involvement of acidic polysaccharides from glycoproteins in nacre mineralization},
	journal = {{FEBS} Journal}
}