@article{ID34250373298,
	doi = {10.1016/j.cub.2007.04.047},
	url = {https://doi.org/10.1016%2Fj.cub.2007.04.047},
	year = 2007,
	month = {jun},
	publisher = {Elsevier {BV}},
	volume = {17},
	number = {12},
	pages = {R449-R451},
	author = {Toke T. H{\o}ye and Eric Post and Hans Meltofte and Niels M. Schmidt and Mads C. Forchhammer},
	title = {Rapid advancement of spring in the High Arctic},
	journal = {Current Biology}
}