@article{ID34250189553,
	doi = {10.1111/j.1365-294x.2007.03299.x},
	url = {https://doi.org/10.1111%2Fj.1365-294x.2007.03299.x},
	year = 2007,
	month = {jun},
	publisher = {Wiley-Blackwell},
	volume = {16},
	number = {12},
	pages = {2542-2559},
	author = {DOROTHEE EHRICH and MYRIAM GAUDEUL and ADANE ASSEFA and MARCUS A. KOCH and KLAUS MUMMENHOFF and SILESHI NEMOMISSA and INTRABIODIV CONSORTIUM and CHRISTIAN BROCHMANN},
	title = {Genetic consequences of Pleistocene range shifts: Contrast between the Arctic, the Alps and the East African mountains},
	journal = {Molecular Ecology}
}