@article{ID34548397721,
	doi = {10.1071/wr06171},
	url = {https://doi.org/10.1071%2Fwr06171},
	year = 2007,
	publisher = {{CSIRO} Publishing},
	volume = {34},
	number = {5},
	pages = {335},
	author = {Jim Hone and Charles Krebs and Mark O{\textquotesingle}Donoghue and Stan Boutin},
	title = {Evaluation of predator numerical responses},
	journal = {Wildlife Research}
}