@article{ID34848882851,
	doi = {10.2981/0909-6396(2007)13[328:amoseb]2.0.co;2},
	url = {https://doi.org/10.2981%2F0909-6396%282007%2913%5B328%3Aamoseb%5D2.0.co%3B2},
	year = 2007,
	month = {sep},
	publisher = {Wildlife Biology},
	volume = {13},
	number = {3},
	pages = {328-336},
	author = {C{\'{e}}line Arzel and Johan Elmberg and Matthieu Guillemain and Pierre Legagneux and Fabrice Bosca and Mathieu Chambouleyron and Michel Lepley and Christophe Pin and Antoine Arnaud and Vincent Schricke},
	title = {Average mass of seeds encountered by foraging dabbling ducks in western Europe},
	journal = {Wildlife Biology}
}