@article{ID34547689661,
	doi = {10.1111/j.1365-294x.2007.03381.x},
	url = {https://doi.org/10.1111%2Fj.1365-294x.2007.03381.x},
	year = 2007,
	month = {aug},
	publisher = {Wiley-Blackwell},
	volume = {16},
	number = {16},
	pages = {3466-3483},
	author = {L. E. CARMICHAEL and J. KRIZAN and J. A. NAGY and E. FUGLEI and M. DUMOND and D. JOHNSON and A. VEITCH and D. BERTEAUX and C. STROBECK},
	title = {Historical and ecological determinants of genetic structure in arctic canids},
	journal = {Molecular Ecology}
}