@article{ID34047236260,
	doi = {10.1016/j.foreco.2007.01.068},
	url = {https://doi.org/10.1016%2Fj.foreco.2007.01.068},
	year = 2007,
	month = {apr},
	publisher = {Elsevier {BV}},
	volume = {242},
	number = {2-3},
	pages = {553-557},
	author = {Marilou Beaudet and Jacques Brisson and Christian Messier and Dominique Gravel},
	title = {Effect of a major ice storm on understory light conditions in an old-growth Acer-Fagus forest: Pattern of recovery over seven years},
	journal = {Forest Ecology and Management}
}