@article{ID34250800385,
	doi = {10.1126/science.1139178},
	url = {https://doi.org/10.1126%2Fscience.1139178},
	year = 2007,
	month = {jun},
	publisher = {American Association for the Advancement of Science ({AAAS})},
	volume = {316},
	number = {5831},
	pages = {1606-1609},
	author = {I. G. Alsos and P. B. Eidesen and D. Ehrich and I. Skrede and K. Westergaard and G. H. Jacobsen and J. Y. Landvik and P. Taberlet and C. Brochmann},
	title = {Frequent long-distance plant colonization in the changing arctic},
	journal = {Science}
}