@article{ID34248138492,
	doi = {10.1111/j.1461-0248.2007.01038.x},
	url = {https://doi.org/10.1111%2Fj.1461-0248.2007.01038.x},
	year = 2007,
	month = {jun},
	publisher = {Wiley-Blackwell},
	volume = {10},
	number = {6},
	pages = {453-460},
	author = {Jens-Christian Svenning and Flemming Skov},
	title = {Could the tree diversity pattern in Europe be generated by postglacial dispersal limitation?},
	journal = {Ecology Letters}
}