@article{ID34247546636,
	doi = {10.1086/513188},
	url = {https://doi.org/10.1086%2F513188},
	year = 2007,
	month = {may},
	publisher = {University of Chicago Press},
	volume = {169},
	number = {5},
	pages = {690-699},
	author = {Robert~D. Holt and Manojit Roy},
	title = {Predation can increase the prevalence of infectious disease},
	journal = {The American Naturalist}
}