@article{ID34547161807,
	doi = {10.1038/sj.hdy.6800974},
	url = {https://doi.org/10.1038%2Fsj.hdy.6800974},
	year = 2007,
	month = {may},
	publisher = {Springer Nature},
	volume = {99},
	number = {2},
	pages = {133-142},
	author = {A Assefa and D Ehrich and P Taberlet and S Nemomissa and C Brochmann},
	title = {Pleistocene colonization of afro-alpine 'sky islands' by the arctic-alpine Arabis alpina},
	journal = {Heredity}
}