@article{ID34248371628,
	doi = {10.1139/b06-131},
	url = {https://doi.org/10.1139%2Fb06-131},
	year = 2006,
	month = {nov},
	publisher = {Canadian Science Publishing},
	volume = {84},
	number = {11},
	pages = {1714-1731},
	author = {Katie Breen and Esther L{\'{e}}vesque},
	title = {Proglacial succession of biological soil crusts and vascular plants: Biotic interactions in the High Arctic},
	journal = {Canadian Journal of Botany}
}