@article{ID34047128686,
	doi = {10.1111/j.2006.0030-1299.15257.x},
	url = {https://doi.org/10.1111%2Fj.2006.0030-1299.15257.x},
	year = 2007,
	month = {apr},
	publisher = {Wiley-Blackwell},
	volume = {116},
	number = {4},
	pages = {706-715},
	author = {Torkild Tveraa and Per Fauchald and Nigel Gilles Yoccoz and Rolf Anker Ims and Ronny Aanes and Kjell Arild H{\o}gda},
	title = {What regulate and limit reindeer populations in Norway?},
	journal = {Oikos}
}