@article{ID34247197257,
	doi = {10.1111/j.2007.0906-7590.04981.x},
	url = {https://doi.org/10.1111%2Fj.2007.0906-7590.04981.x},
	year = 2007,
	month = {apr},
	publisher = {Wiley-Blackwell},
	volume = {30},
	number = {2},
	pages = {299-307},
	author = {Snorre B. Hagen and Jane U. Jepsen and Rolf A. Ims and Nigel G. Yoccoz},
	title = {Shifting altitudinal distribution of outbreak zones of winter moth Operophtera brumata in sub-arctic birch forest: A response to recent climate warming?},
	journal = {Ecography}
}