@article{ID34848923948,
	doi = {10.1111/j.1365-294x.2007.03507.x},
	url = {https://doi.org/10.1111%2Fj.1365-294x.2007.03507.x},
	year = 2007,
	month = {oct},
	publisher = {Wiley-Blackwell},
	volume = {16},
	number = {20},
	pages = {4241-4255},
	author = {ELI GEFFEN and SITARA WAIDYARATNE and LOVE DAL{\'{E}}N and ANDERS ANGERBJÃ–RN and CARLES VILA and PALL HERSTEINSSON and EVA FUGLEI and PAULA A. WHITE and MICHAEL GOLTSMAN and CHRISTIAN M. O. KAPEL and ROBERT K. WAYNE},
	title = {Sea ice occurrence predicts genetic isolation in the Arctic fox},
	journal = {Molecular Ecology}
}