@article{ID34247485509,
	doi = {10.1016/j.scitotenv.2007.03.003},
	url = {https://doi.org/10.1016%2Fj.scitotenv.2007.03.003},
	year = 2007,
	month = {jun},
	publisher = {Elsevier {BV}},
	volume = {378},
	number = {3},
	pages = {403-417},
	author = {B BRAUNE and M MALLORY and H GRANTGILCHRIST and R LETCHER and K DROUILLARD},
	title = {Levels and trends of organochlorines and brominated flame retardants in Ivory Gull eggs from the Canadian Arctic, 1976 to 2004},
	journal = {Science of The Total Environment}
}