@article{ID34347208709,
	doi = {10.2980/1195-6860(2007)14[188:hbbamh]2.0.co;2},
	url = {https://doi.org/10.2980%2F1195-6860%282007%2914%5B188%3Ahbbamh%5D2.0.co%3B2},
	year = 2007,
	month = {jun},
	publisher = {Informa {UK} Limited},
	volume = {14},
	number = {2},
	pages = {188-194},
	author = {Dominique BERTEAUX and Brandee DINER and Cyril DREYFUS and Marion {\'{E}}BL{\'{E}} and Isabelle LESSARD and Ilya KLVANA},
	title = {Heavy browsing by a mammalian herbivore does not affect fluctuating asymmetry of its food plants},
	journal = {Ecoscience}
}