@article{ID34249976372,
	doi = {10.1007/bf01429852},
	url = {https://doi.org/10.1007%2Fbf01429852},
	year = 1988,
	month = {apr},
	publisher = {Springer Nature},
	volume = {22},
	number = {4},
	pages = {252-257},
	author = {A. A. Sokolov},
	title = {Determination of water quality in reservoirs from data of on-site observations},
	journal = {Hydrotechnical Construction}
}