@article{ID35648936374,
	doi = {10.1016/j.vetpar.2007.09.006},
	url = {https://doi.org/10.1016%2Fj.vetpar.2007.09.006},
	year = 2007,
	month = {nov},
	publisher = {Elsevier {BV}},
	volume = {150},
	number = {1-2},
	pages = {6-12},
	author = {Kristin Wear Prestrud and Kjetil {\AA}sbakk and Eva Fuglei and Torill M{\o}rk and Audun Stien and Erik Ropstad and Morten Tryland and Geir Wing Gabrielsen and Christian Lydersen and Kit M. Kovacs and Maarten J. J. E. Loonen and Kjetil Sagerup and Antti Oksanen},
	title = {Serosurvey for Toxoplasma gondii in arctic foxes and possible sources of infection in the high Arctic of Svalbard},
	journal = {Veterinary Parasitology}
}