@article{ID35448938102,
	doi = {10.1007/s10531-007-9181-7},
	url = {https://doi.org/10.1007%2Fs10531-007-9181-7},
	year = 2007,
	month = {jun},
	publisher = {Springer Nature},
	volume = {16},
	number = {13},
	pages = {3803-3816},
	author = {Irina Levinsky and Flemming Skov and Jens-Christian Svenning and Carsten Rahbek},
	title = {Potential impacts of climate change on the distributions and diversity patterns of European mammals},
	journal = {Biodiversity and Conservation}
}