@article{ID3543023635,
	doi = {10.1111/j.1474-919x.1988.tb00984.x},
	url = {https://doi.org/10.1111%2Fj.1474-919x.1988.tb00984.x},
	year = 2008,
	month = {apr},
	publisher = {Wiley-Blackwell},
	volume = {130},
	number = {2},
	pages = {302-303},
	author = {Jesper Madsen},
	title = {Goose grazing in the Arctic},
	journal = {Ibis}
}