@article{ID35048851042,
	doi = {10.1111/j.1474-919x.2007.00693.x},
	url = {https://doi.org/10.1111%2Fj.1474-919x.2007.00693.x},
	year = 2007,
	month = {apr},
	publisher = {Wiley-Blackwell},
	volume = {149},
	number = {4},
	pages = {721-729},
	author = {JEROEN RENEERKENS and JULIANA B. ALMEIDA and DAVID B. LANK and JOOP JUKEMA and RICHARD B. LANCTOT and R. I. GUY MORRISON and W. IRENE C. RIJPSTRA and DOUGLAS SCHAMEL and HANS SCHEKKERMAN and JAAP S. SINNINGHE DAMST{\'{E}} and PAVEL S. TOMKOVICH and DIANE M. TRACY and INGRID TULP and THEUNIS PIERSMA},
	title = {Parental role division predicts avian preen wax cycles},
	journal = {Ibis}
}