@article{ID35248833669,
	doi = {10.1007/s00265-007-0441-z},
	url = {https://doi.org/10.1007%2Fs00265-007-0441-z},
	year = 2007,
	month = {jul},
	publisher = {Springer Nature},
	volume = {62},
	number = {1},
	pages = {87-96},
	author = {Vincent Careau and Jean-Fran{\c{c}}ois Giroux and Dominique Berteaux},
	title = {Cache and carry: Hoarding behavior of arctic fox},
	journal = {Behavioral Ecology and Sociobiology}
}