@article{ID35148895804,
	doi = {10.1111/j.1365-2656.2007.01301.x},
	url = {https://doi.org/10.1111%2Fj.1365-2656.2007.01301.x},
	year = 2007,
	month = {nov},
	publisher = {Wiley-Blackwell},
	volume = {76},
	number = {6},
	pages = {1192-1201},
	author = {S{\'{E}}BASTIEN DESCAMPS and STAN BOUTIN and DOMINIQUE BERTEAUX and JEAN-MICHEL GAILLARD},
	title = {Female red squirrels fit Williams' hypothesis of increasing reproductive effort with increasing age},
	journal = {Journal of Animal Ecology}
}