@article{ID35148868137,
	doi = {10.1089/vbz.2006.0555},
	url = {https://doi.org/10.1089%2Fvbz.2006.0555},
	year = 2007,
	month = {sep},
	publisher = {Mary Ann Liebert Inc},
	volume = {7},
	number = {3},
	pages = {457-460},
	author = {N. Johnson and A. Dicker and T. Mork and D. A. Marston and A. R. Fooks and M. Tryland and E. Fuglei and T. MÃ¼ller},
	title = {Phylogenetic comparison of rabies viruses from disease outbreaks on the Svalbard Islands},
	journal = {Vector-Borne and Zoonotic Diseases}
}