@article{ID35248881492,
	doi = {10.1111/j.2007.0030-1299.15921.x},
	url = {https://doi.org/10.1111%2Fj.2007.0030-1299.15921.x},
	year = 2007,
	month = {nov},
	publisher = {Wiley-Blackwell},
	volume = {116},
	number = {11},
	pages = {1941-1953},
	author = {R{\'{e}}mi A. Wattier and Eleanor R. Haine and J{\'{e}}r{\'{e}}mie Beguet and Guenaël Martin and Loïc Bollache and Ilona B. Musk{\'{o}} and Dirk Platvoet and Thierry Rigaud},
	title = {No genetic bottleneck or associated microparasite loss in invasive populations of a freshwater amphipod},
	journal = {Oikos}
}