@article{ID35448943583,
	doi = {10.1016/j.jtbi.2007.07.031},
	url = {https://doi.org/10.1016%2Fj.jtbi.2007.07.031},
	year = 2007,
	month = {nov},
	publisher = {Elsevier {BV}},
	volume = {249},
	number = {2},
	pages = {218-234},
	author = {Tristan Kimbrell and Robert D. Holt and Per Lundberg},
	title = {The influence of vigilance on intraguild predation},
	journal = {Journal of Theoretical Biology}
}