@article{ID35148850067,
	doi = {10.1111/j.1365-2656.2007.01268.x},
	url = {https://doi.org/10.1111%2Fj.1365-2656.2007.01268.x},
	year = 2007,
	month = {nov},
	publisher = {Wiley-Blackwell},
	volume = {76},
	number = {6},
	pages = {1149-1160},
	author = {C{\'{E}}LINE LE BOHEC and MICHEL GAUTHIER-CLERC and DAVID GR{\'{E}}MILLET and ROGER PRADEL and ARNAUD B{\'{E}}CHET and JEAN-PAUL GENDNER and YVON LE MAHO},
	title = {Population dynamics in a long-lived seabird: I. Impact of breeding activity on survival and breeding probability in unbanded king penguins},
	journal = {Journal of Animal Ecology}
}