@article{ID35848941925,
	doi = {10.1093/beheco/arm089},
	url = {https://doi.org/10.1093%2Fbeheco%2Farm089},
	year = 2007,
	month = {aug},
	publisher = {Oxford University Press ({OUP})},
	volume = {18},
	number = {6},
	pages = {967-973},
	author = {J. J. Verspoor and O. P. Love and E. Rowland and E. H. Chin and T. D. Williams},
	title = {Sex-specific development of avian flight performance under experimentally altered rearing conditions},
	journal = {Behavioral Ecology}
}