@article{ID36949020003,
	doi = {10.1007/s10336-007-0203-8},
	url = {https://doi.org/10.1007%2Fs10336-007-0203-8},
	year = 2007,
	month = {aug},
	publisher = {Springer Nature},
	volume = {148},
	number = {S2},
	pages = {593-600},
	author = {Manfred R. Enstipp and David R. Jones and Svein-H{\aa}kon Lorentsen and David Gr{\'{e}}millet},
	title = {Energetic costs of diving and prey-capture capabilities in cormorants and shags (Phalacrocoracidae) underline their unique adaptation to the aquatic environment},
	journal = {Journal of Ornithology}
}