@article{ID36148931064,
	doi = {10.1007/s00265-007-0453-8},
	url = {https://doi.org/10.1007%2Fs00265-007-0453-8},
	year = 2007,
	month = {aug},
	publisher = {Springer Nature},
	volume = {62},
	number = {2},
	pages = {193-199},
	author = {Jean-Fran{\c{c}}ois Therrien and Steeve D. C{\^{o}}t{\'{e}} and Marco Festa-Bianchet and Jean-Pierre Ouellet},
	title = {Conservative maternal care in an iteroparous mammal: A resource allocation experiment},
	journal = {Behavioral Ecology and Sociobiology}
}