@article{ID36249032576,
	doi = {10.1111/j.1365-2435.2007.01315.x},
	url = {https://doi.org/10.1111%2Fj.1365-2435.2007.01315.x},
	year = 2007,
	month = {dec},
	publisher = {Wiley-Blackwell},
	volume = {21},
	number = {6},
	pages = {1168-1177},
	author = {TOMAS ROSLIN and ANNA-LIISA LAINE and SOFIA GRIPENBERG},
	title = {Spatial population structure in an obligate plant pathogen colonizing oak Quercus robur},
	journal = {Functional Ecology}
}