@article{ID36348929831,
	doi = {10.1098/rsif.2007.0236},
	url = {https://doi.org/10.1098%2Frsif.2007.0236},
	year = 2008,
	month = {jan},
	publisher = {The Royal Society},
	volume = {5},
	number = {18},
	pages = {3-13},
	author = {M. Martcheva and B. M Bolker and R. D Holt},
	title = {Vaccine-induced pathogen strain replacement: What are the mechanisms?},
	journal = {Journal of The Royal Society Interface}
}