@article{ID36049035682,
	doi = {10.1657/1523-0430(06-018)[hoye]2.0.co;2},
	url = {https://doi.org/10.1657%2F1523-0430%2806-018%29%5Bhoye%5D2.0.co%3B2},
	year = 2007,
	month = {aug},
	publisher = {Institute of Arctic and Alpine Research ({INSTAAR})},
	volume = {39},
	number = {3},
	pages = {412-421},
	author = {Toke Thomas H{\o}ye and Susanne M{\o}lgaard Ellebjerg and Marianne Philipp},
	title = {The impact of climate on flowering in the high arctic-the case of dryas in a hybrid zone},
	journal = {Arctic, Antarctic, and Alpine Research}
}