@article{ID36849063858,
	doi = {10.1111/j.1365-2486.2007.01461.x},
	url = {https://doi.org/10.1111%2Fj.1365-2486.2007.01461.x},
	year = 2007,
	month = {nov},
	publisher = {Wiley-Blackwell},
	volume = {0},
	number = {0},
	pages = {071121035853005-???},
	author = {RIKKE A. JENSEN and JESPER MADSEN and MARK O{\textquotesingle}CONNELL and MARY S. WISZ and HANS T{\O}MMERVIK and FRIDTJOF MEHLUM},
	title = {Prediction of the distribution of Arctic-nesting pink-footed geese under a warmer climate scenario},
	journal = {Global Change Biology}
}