@article{ID37449024073,
	doi = {10.1016/j.yhbeh.2007.09.007},
	url = {https://doi.org/10.1016%2Fj.yhbeh.2007.09.007},
	year = 2008,
	month = {jan},
	publisher = {Elsevier {BV}},
	volume = {53},
	number = {1},
	pages = {104-111},
	author = {O. P. Love and K. E. Wynne-Edwards and L. Bond and T. D. Williams},
	title = {Determinants of within- and among-clutch variation in yolk corticosterone in the European starling},
	journal = {Hormones and Behavior}
}