@article{ID37849038261,
	doi = {10.3354/meps07128},
	url = {https://doi.org/10.3354%2Fmeps07128},
	year = 2007,
	month = {nov},
	publisher = {Inter-Research Science Center},
	volume = {350},
	pages = {127-136},
	author = {L Pichegru and PG Ryan and CD van der Lingen and J Coetzee and Y Ropert-Coudert and D Gr{\'{e}}millet},
	title = {Foraging behaviour and energetics of Cape gannets Morus capensis feeding on live prey and fishery discards in the Benguela upwelling system},
	journal = {Marine Ecology Progress Series}
}