@article{ID37249064406,
	doi = {10.1021/np070254z},
	url = {https://doi.org/10.1021%2Fnp070254z},
	year = 2007,
	month = {nov},
	publisher = {American Chemical Society ({ACS})},
	volume = {70},
	number = {11},
	pages = {1804-1807},
	author = {W. Irene C. Rijpstra and Jeroen Reneerkens and Theunis Piersma and Jaap S. Sinninghe Damst{\'{e}}},
	title = {Structural identification of the Î²-hydroxy fatty acid-based diester preen gland waxes of shorebirds},
	journal = {Journal of Natural Products}
}