@article{ID37149048093,
	doi = {10.1111/j.1472-4642.2007.00408.x},
	url = {https://doi.org/10.1111%2Fj.1472-4642.2007.00408.x},
	year = 2007,
	month = {aug},
	publisher = {Wiley-Blackwell},
	volume = {14},
	number = {1},
	pages = {26-37},
	author = {Mary S. Wisz and Mikkel P. Tamstorf and Jesper Madsen and Martin Jespersen},
	title = {Where might the western Svalbard tundra be vulnerable to pink-footed goose (Anser brachyrhynchus) population expansion? Clues from species distribution models},
	journal = {Diversity and Distributions}
}