@article{ID37249079746,
	doi = {10.1021/es071581w},
	url = {https://doi.org/10.1021%2Fes071581w},
	year = 2007,
	month = {dec},
	publisher = {American Chemical Society ({ACS})},
	volume = {41},
	number = {24},
	pages = {8491-8497},
	author = {Jan O. Bustnes and Nigel G. Yoccoz and Georg Bangjord and Anuschka Polder and Janneche U. Skaare},
	title = {Temporal trends (1986-2004) of organochlorines and brominated flame retardants in tawny owl eggs from northern Europe},
	journal = {Environmental Science {\&} Technology}
}