@article{ID37349058554,
	doi = {10.1016/j.anbehav.2007.04.030},
	url = {https://doi.org/10.1016%2Fj.anbehav.2007.04.030},
	year = 2008,
	month = {jan},
	publisher = {Elsevier {BV}},
	volume = {75},
	number = {1},
	pages = {235-243},
	author = {Jean-Fran{\c{c}}ois Therrien and Steeve D. C{\^{o}}t{\'{e}} and Marco Festa-Bianchet and Jean-Pierre Ouellet},
	title = {Maternal care in white-tailed deer: trade-off between maintenance and reproduction under food restriction},
	journal = {Animal Behaviour}
}