@article{ID37849185406,
	doi = {10.1016/j.jenvrad.2006.09.004},
	url = {https://doi.org/10.1016%2Fj.jenvrad.2006.09.004},
	year = 2007,
	month = {jan},
	publisher = {Elsevier {BV}},
	volume = {92},
	number = {1},
	pages = {30-40},
	author = {Justin P. Gwynn and Eva Fuglei and Mark Dowdall},
	title = {Cs-137 in Arctic foxes (Alopex lagopus) on Svalbard},
	journal = {Journal of Environmental Radioactivity}
}