@article{ID37049024789,
	doi = {10.1656/1528-7092(2007)6[215:radifa]2.0.co;2},
	url = {https://doi.org/10.1656%2F1528-7092%282007%296%5B215%3Aradifa%5D2.0.co%3B2},
	year = 2007,
	month = {dec},
	publisher = {Humboldt Field Research Institute},
	volume = {6},
	number = {sp2},
	pages = {215-228},
	author = {Jean-Philippe Lessard and Robert R. Dunn and Charles R. Parker and Nathan J. Sanders},
	title = {Rarity and diversity in forest ant assemblages of Great Smoky Mountains National Park},
	journal = {Southeastern Naturalist}
}