@article{ID38849182911,
	doi = {10.1111/j.1365-2656.2007.01340.x},
	url = {https://doi.org/10.1111%2Fj.1365-2656.2007.01340.x},
	year = 2008,
	month = {mar},
	publisher = {Wiley-Blackwell},
	volume = {77},
	number = {2},
	pages = {305-314},
	author = {S{\'{e}}bastien Descamps and Stan Boutin and Dominique Berteaux and Andrew G. McAdam and Jean-Michel Gaillard},
	title = {Cohort effects in red squirrels: The influence of density, food abundance and temperature on future survival and reproductive success},
	journal = {Journal of Animal Ecology}
}