@article{ID38649141538,
	doi = {10.1007/s00442-007-0860-6},
	url = {https://doi.org/10.1007%2Fs00442-007-0860-6},
	year = 2007,
	month = {oct},
	publisher = {Springer Nature},
	volume = {155},
	number = {1},
	pages = {33-41},
	author = {Nicolas Lecomte and Gilles Gauthier and Jean-Fran{\c{c}}ois Giroux},
	title = {Breeding dispersal in a heterogeneous landscape: The influence of habitat and nesting success in greater snow geese},
	journal = {Oecologia}
}