@article{ID38449113402,
	doi = {10.1890/06-1795.1},
	url = {https://doi.org/10.1890%2F06-1795.1},
	year = 2007,
	month = {sep},
	publisher = {Wiley-Blackwell},
	volume = {17},
	number = {6},
	pages = {1619-1637},
	author = {Martin Simard and Nicolas Lecomte and Yves Bergeron and Pierre Y. Bernier and David Par{\'{e}}},
	title = {Forest productivity decline caused by successional paludification of boreal soils},
	journal = {Ecological Applications}
}