@article{ID38849157916,
	doi = {10.1016/j.tree.2007.10.010},
	url = {https://doi.org/10.1016%2Fj.tree.2007.10.010},
	year = 2008,
	month = {feb},
	publisher = {Elsevier {BV}},
	volume = {23},
	number = {2},
	pages = {79-86},
	author = {R IMS and J HENDEN and S KILLENGREEN},
	title = {Collapsing population cycles},
	journal = {Trends in Ecology {\&} Evolution}
}