@article{ID38449098922,
	doi = {10.1890/06-1525.1},
	url = {https://doi.org/10.1890%2F06-1525.1},
	year = 2007,
	month = {nov},
	publisher = {Wiley-Blackwell},
	volume = {88},
	number = {11},
	pages = {2706-2712},
	author = {Robert D. Holt and Gary R. Huxel},
	title = {Alternative prey and the dynamics of intraguild predation: Theoretical perspectives},
	journal = {Ecology}
}