@article{ID38449093906,
	doi = {10.1890/06-1707.1},
	url = {https://doi.org/10.1890%2F06-1707.1},
	year = 2007,
	month = {nov},
	publisher = {Wiley-Blackwell},
	volume = {88},
	number = {11},
	pages = {2681-2688},
	author = {Elizabeth T. Borer and Cheryl J. Briggs and Robert D. Holt},
	title = {Predators, parasitoids, and pathogens: A cross-cutting examination of intraguild predation theory},
	journal = {Ecology}
}