@article{ID3843071109,
	doi = {10.2193/0022-541x(2004)068[0639:etsotg]2.0.co;2},
	url = {https://doi.org/10.2193%2F0022-541x%282004%29068%5B0639%3Aetsotg%5D2.0.co%3B2},
	year = 2004,
	month = {jul},
	publisher = {Wiley-Blackwell},
	volume = {68},
	number = {3},
	pages = {639-649},
	author = {ARNAUD B{\'{E}}CHET and AUSTIN REED and NATHALIE PLANTE and JEAN-FRAN{\c{C}}OIS GIROUX and GILLES GAUTHIER},
	editor = {Sheaffer},
	title = {Estimating the size of the greater snow goose population},
	journal = {Journal of Wildlife Management}
}