@article{ID3843115461,
	doi = {10.1111/j.0021-8901.2004.00928.x},
	url = {https://doi.org/10.1111%2Fj.0021-8901.2004.00928.x},
	year = 2004,
	month = {jul},
	publisher = {Wiley-Blackwell},
	volume = {41},
	number = {4},
	pages = {689-700},
	author = {ARNAUD B{\'{E}}CHET and JEAN-FRANCOIS GIROUX and GILLES GAUTHIER},
	title = {The effects of disturbance on behaviour, habitat use and energy of spring staging snow geese},
	journal = {Journal of Applied Ecology}
}