@article{ID38849120831,
	doi = {10.1111/j.1365-2656.2007.01339.x},
	url = {https://doi.org/10.1111%2Fj.1365-2656.2007.01339.x},
	year = 2008,
	month = {mar},
	publisher = {Wiley-Blackwell},
	volume = {77},
	number = {2},
	pages = {257-264},
	author = {Jane U. Jepsen and Snorre B. Hagen and Rolf A. Ims and Nigel G. Yoccoz},
	title = {Climate change and outbreaks of the geometrids Operophtera brumata and Epirrita autumnata in subarctic birch forest: Evidence of a recent outbreak range expansion},
	journal = {Journal of Animal Ecology}
}