@article{ID38949101130,
	doi = {10.1242/jeb.012229},
	url = {https://doi.org/10.1242%2Fjeb.012229},
	year = 2008,
	month = {jan},
	publisher = {The Company of Biologists},
	volume = {211},
	number = {1},
	pages = {49-57},
	author = {M. R. Enstipp and D. Gremillet and D. R. Jones},
	title = {Heat increment of feeding in double-crested cormorants (Phalacrocorax auritus) and its potential for thermal substitution},
	journal = {Journal of Experimental Biology}
}