@article{ID38049082959,
	doi = {10.1016/j.vetpar.2007.11.011},
	url = {https://doi.org/10.1016%2Fj.vetpar.2007.11.011},
	year = 2008,
	month = {feb},
	publisher = {Elsevier {BV}},
	volume = {151},
	number = {2-4},
	pages = {110-114},
	author = {Kristin Wear Prestrud and J. P. Dubey and Kjetil {\AA}sbakk and Eva Fuglei and C. Su},
	title = {First isolate of Toxoplasma gondii from arctic fox (Vulpes lagopus) from Svalbard},
	journal = {Veterinary Parasitology}
}