@article{ID38649127256,
	doi = {10.1007/s00442-007-0894-9},
	url = {https://doi.org/10.1007%2Fs00442-007-0894-9},
	year = 2007,
	month = {nov},
	publisher = {Springer Nature},
	volume = {155},
	number = {1},
	pages = {193-204},
	author = {Carla Freitas and Kit M. Kovacs and Rolf A. Ims and Michael A. Fedak and Christian Lydersen},
	title = {Ringed seal post-moulting movement tactics and habitat selection},
	journal = {Oecologia}
}