@article{ID38649123066,
	doi = {10.1007/s00442-007-0884-y},
	url = {https://doi.org/10.1007%2Fs00442-007-0884-y},
	year = 2007,
	month = {oct},
	publisher = {Springer Nature},
	volume = {155},
	number = {1},
	pages = {143-150},
	author = {J. -C. Svenning and T. Fabbro and S. J. Wright},
	title = {Seedling interactions in a tropical forest in Panama},
	journal = {Oecologia}
}