@article{ID38449123099,
	doi = {10.1890/06-2105.1},
	url = {https://doi.org/10.1890%2F06-2105.1},
	year = 2007,
	month = {nov},
	publisher = {Wiley-Blackwell},
	volume = {88},
	number = {11},
	pages = {2839-2847},
	author = {Cl{\'{e}}ment Lagrue and Nicolas Kaldonski and Marie J. Perrot-Minnot and S{\'{e}}bastien Motreuil and Lo√Øc Bollache},
	title = {Modification of hosts' behavior by a parasite: Field evidence for adaptive manipulation},
	journal = {Ecology}
}