@article{ID38149093942,
	doi = {10.1139/f07-116},
	url = {https://doi.org/10.1139%2Ff07-116},
	year = 2007,
	month = {nov},
	publisher = {Canadian Science Publishing},
	volume = {64},
	number = {11},
	pages = {1491-1505},
	author = {Marion Richard and Philippe Archambault and G{\'{e}}rard Thouzeau and Chris W McKindsey and Gaston Desrosiers},
	title = {Influence of suspended scallop cages and mussel lines on pelagic and benthic biogeochemical fluxes in Havre-aux-Maisons Lagoon, ÃŽles-de-la- Madeleine (Quebec, Canada)},
	journal = {Canadian Journal of Fisheries and Aquatic Sciences}
}