@article{ID38049026339,
	doi = {10.1007/s00300-007-0364-1},
	url = {https://doi.org/10.1007%2Fs00300-007-0364-1},
	year = 2007,
	month = {sep},
	publisher = {Springer Nature},
	volume = {31},
	number = {3},
	pages = {351-362},
	author = {Guillaume Szor and Dominique Berteaux and Gilles Gauthier},
	title = {Finding the right home: Distribution of food resources and terrain characteristics influence selection of denning sites and reproductive dens in arctic foxes},
	journal = {Polar Biology}
}