@article{ID3943080076,
	doi = {10.1111/j.0022-0477.2004.00904.x},
	url = {https://doi.org/10.1111%2Fj.0022-0477.2004.00904.x},
	year = 2004,
	month = {jul},
	publisher = {Wiley-Blackwell},
	volume = {92},
	number = {4},
	pages = {577-588},
	author = {JAANA VORMISTO and JENS-CHRISTIAN SVENNING and PAMELA HALL and HENRIK BALSLEV},
	title = {Diversity and dominance in palm (Arecaceae) communities in terra firme forests in the western Amazon basin},
	journal = {Journal of Ecology}
}