@article{ID39749167083,
	doi = {10.1016/j.ecolmodel.2007.11.006},
	url = {https://doi.org/10.1016%2Fj.ecolmodel.2007.11.006},
	year = 2008,
	month = {apr},
	publisher = {Elsevier {BV}},
	volume = {212},
	number = {3-4},
	pages = {504-512},
	author = {Henrik Skov and Elizabeth Humphreys and Stefan Garthe and Kerstin Geitner and David Gr{\'{e}}millet and Keith C. Hamer and Janos Hennicke and Hjalte Parner and Sarah Wanless},
	title = {Application of habitat suitability modelling to tracking data of marine animals as a means of analyzing their feeding habitats},
	journal = {Ecological Modelling}
}