@article{ID39049172748,
	doi = {10.1111/j.1365-2699.2007.01841.x},
	url = {https://doi.org/10.1111%2Fj.1365-2699.2007.01841.x},
	year = 2008,
	month = {mar},
	publisher = {Wiley-Blackwell},
	volume = {35},
	number = {3},
	pages = {394-406},
	author = {Jens-Christian Svenning and Finn Borchsenius and Stine Bjorholm and Henrik Balslev},
	title = {High tropical net diversification drives the New World latitudinal gradient in palm (Arecaceae) species richness},
	journal = {Journal of Biogeography}
}