@article{ID40349116472,
	doi = {10.1111/j.1461-0248.2008.01155.x},
	url = {https://doi.org/10.1111%2Fj.1461-0248.2008.01155.x},
	year = 2008,
	month = {apr},
	publisher = {Wiley-Blackwell},
	volume = {11},
	number = {4},
	pages = {398-416},
	author = {Thomas M. Lewinsohn and Tomas Roslin},
	title = {Four ways towards tropical herbivore megadiversity},
	journal = {Ecology Letters}
}