@article{ID40449120592,
	doi = {10.1098/rsbl.2007.0554},
	url = {https://doi.org/10.1098%2Frsbl.2007.0554},
	year = 2008,
	month = {apr},
	publisher = {The Royal Society},
	volume = {4},
	number = {2},
	pages = {166-169},
	author = {L. Bollache and J. T. A Dick and K. D Farnsworth and W. I. Montgomery},
	title = {Comparison of the functional responses of invasive and native amphipods},
	journal = {Biology Letters}
}