@article{ID40949109772,
	doi = {10.1111/j.1365-2664.2007.01447.x},
	url = {https://doi.org/10.1111%2Fj.1365-2664.2007.01447.x},
	year = 2008,
	month = {apr},
	publisher = {Wiley-Blackwell},
	volume = {45},
	number = {2},
	pages = {610-621},
	author = {David Gr{\'{e}}millet and Sue Lewis and Laurent Drapeau and Carl D. van Der Lingen and Jenny A. Huggett and Janet C. Coetzee and Hans M. Verheye and Francis Daunt and Sarah Wanless and Peter G. Ryan},
	title = {Spatial match-mismatch in the Benguela upwelling zone: Should we expect chlorophyll and sea-surface temperature to predict marine predator distributions?},
	journal = {Journal of Applied Ecology}
}