@article{ID40649099856,
	doi = {10.1073/pnas.0712031105},
	url = {https://doi.org/10.1073%2Fpnas.0712031105},
	year = 2008,
	month = {feb},
	publisher = {Proceedings of the National Academy of Sciences},
	volume = {105},
	number = {7},
	pages = {2493-2497},
	author = {C. Le Bohec and J. M. Durant and M. Gauthier-Clerc and N. C. Stenseth and Y.-H. Park and R. Pradel and D. Gremillet and J.-P. Gendner and Y. Le Maho},
	title = {King penguin population threatened by Southern Ocean warming},
	journal = {Proceedings of the National Academy of Sciences}
}