@article{ID41149168534,
	doi = {10.1016/j.tpb.2007.12.008},
	url = {https://doi.org/10.1016%2Fj.tpb.2007.12.008},
	year = 2008,
	month = {may},
	publisher = {Elsevier {BV}},
	volume = {73},
	number = {3},
	pages = {319-331},
	author = {Manojit Roy and Robert D. Holt},
	title = {Effects of predation on host-pathogen dynamics in SIR models},
	journal = {Theoretical Population Biology}
}