@article{ID4143102455,
	doi = {10.1086/422343},
	url = {https://doi.org/10.1086%2F422343},
	year = 2004,
	month = {aug},
	publisher = {University of Chicago Press},
	volume = {164},
	number = {2},
	pages = {187-200},
	author = {Robert~D. Holt and Michael Barfield and Richard Gomulkiewicz},
	title = {Temporal variation can facilitate niche evolution in harsh sink environments},
	journal = {The American Naturalist}
}