@incollection{ID41349115261,
	doi = {10.1016/s0065-2504(07)00014-1},
	url = {https://doi.org/10.1016%2Fs0065-2504%2807%2900014-1},
	year = 2008,
	publisher = {Elsevier},
	pages = {325-343},
	author = {Hans Meltofte and Toke T. H{\o}ye and Niels M. Schmidt},
	title = {Effects of Food Availability, Snow and Predation on Breeding Performance of Waders at Zackenberg},
	booktitle = {High-Arctic Ecosystem Dynamics in a Changing Climate},
	volume = {40},
	journal = {Advances in Ecological Research}
}