@incollection{ID41349102312,
	doi = {10.1016/s0065-2504(07)00015-3},
	url = {https://doi.org/10.1016%2Fs0065-2504%2807%2900015-3},
	year = 2008,
	publisher = {Elsevier},
	pages = {345-370},
	author = {Niels M. Schmidt and Thomas B. Berg and Mads C. Forchhammer and Ditte K. Hendrichsen and Line A. Kyhn and Hans Meltofte and Toke T. H{\o}ye},
	title = {Vertebrate Predator-Prey Interactions in a Seasonal Environment},
	booktitle = {High-Arctic Ecosystem Dynamics in a Changing Climate},
	volume = {40},
	journal = {Advances in Ecological Research}
}