@article{ID41049093300,
	doi = {10.1007/s11258-007-9312-y},
	url = {https://doi.org/10.1007%2Fs11258-007-9312-y},
	year = 2007,
	month = {jun},
	publisher = {Springer Nature},
	volume = {195},
	number = {2},
	pages = {157-163},
	author = {Snorre B. Hagen and Rolf A. Ims and Nigel G. Yoccoz and Ove S{\o}rlibr{\aa}ten},
	title = {Fluctuating asymmetry as an indicator of elevation stress and distribution limits in mountain birch (Betula pubescens)},
	journal = {Plant Ecology}
}