@incollection{ID41349121142,
	doi = {10.1016/s0065-2504(07)00023-2},
	url = {https://doi.org/10.1016%2Fs0065-2504%2807%2900023-2},
	year = 2008,
	publisher = {Elsevier},
	pages = {XXI-XXII},
	author = {Hans Meltofte and Torben R. Christensen and Bo Elberling and Mads C. Forchhammer and Morten Rasch},
	title = {Preface},
	booktitle = {High-Arctic Ecosystem Dynamics in a Changing Climate},
	volume = {40},
	journal = {Advances in Ecological Research}
}