@incollection{ID41349089685,
	doi = {10.1016/s0065-2504(07)00005-0},
	url = {https://doi.org/10.1016%2Fs0065-2504%2807%2900005-0},
	year = 2008,
	publisher = {Elsevier},
	pages = {101-110},
	author = {Hans Meltofte and Morten Rasch},
	title = {The Study Area at Zackenberg},
	booktitle = {High-Arctic Ecosystem Dynamics in a Changing Climate},
	volume = {40},
	journal = {Advances in Ecological Research}
}