@article{ID41049094555,
	doi = {10.1016/j.ympev.2008.01.029},
	url = {https://doi.org/10.1016%2Fj.ympev.2008.01.029},
	year = 2008,
	month = {apr},
	publisher = {Elsevier {BV}},
	volume = {47},
	number = {1},
	pages = {237-250},
	author = {G. Yannic and P. Basset and J. Hausser},
	title = {A new perspective on the evolutionary history of western European Sorex araneus group revealed by paternal and maternal molecular markers},
	journal = {Molecular Phylogenetics and Evolution}
}