@incollection{ID41349112081,
	doi = {10.1016/s0065-2504(07)00012-8},
	url = {https://doi.org/10.1016%2Fs0065-2504%2807%2900012-8},
	year = 2008,
	publisher = {Elsevier},
	pages = {275-298},
	author = {Thomas B. Berg and Niels M. Schmidt and Toke T. H{\o}ye and Peter J. Aastrup and Ditte K. Hendrichsen and Mads C. Forchhammer and David R. Klein},
	title = {High-Arctic Plant-Herbivore Interactions under Climate Influence},
	booktitle = {High-Arctic Ecosystem Dynamics in a Changing Climate},
	volume = {40},
	journal = {Advances in Ecological Research}
}