@article{ID41649089518,
	doi = {10.1098/rspb.2007.1763},
	url = {https://doi.org/10.1098%2Frspb.2007.1763},
	year = 2008,
	month = {may},
	publisher = {The Royal Society},
	volume = {275},
	number = {1639},
	pages = {1149-1156},
	author = {D. Gremillet and L. Pichegru and G. Kuntz and A. G Woakes and S. Wilkinson and R. J. M Crawford and P. G Ryan},
	title = {A junk-food hypothesis for gannets feeding on fishery waste},
	journal = {Proceedings of the Royal Society B: Biological Sciences}
}