@incollection{ID41349085352,
	doi = {10.1016/s0065-2504(07)00013-x},
	url = {https://doi.org/10.1016%2Fs0065-2504%2807%2900013-x},
	year = 2008,
	publisher = {Elsevier},
	pages = {299-324},
	author = {Toke T. H{\o}ye and Mads C. Forchhammer},
	title = {Phenology of High-Arctic Arthropods: Effects of Climate on Spatial, Seasonal, and Inter-Annual Variation},
	booktitle = {High-Arctic Ecosystem Dynamics in a Changing Climate},
	volume = {40},
	journal = {Advances in Ecological Research}
}