@article{ID41249090507,
	doi = {10.1016/j.chemosphere.2007.12.028},
	url = {https://doi.org/10.1016%2Fj.chemosphere.2007.12.028},
	year = 2008,
	month = {apr},
	publisher = {Elsevier {BV}},
	volume = {71},
	number = {7},
	pages = {1214-1224},
	author = {Christian Sonne and Hans Wolkers and Pall S. Leifsson and Bj{\o}rn Munro Jenssen and Eva Fuglei and {\O}ystein Ahlstr{\o}m and Rune Dietz and Maja Kirkegaard and Derek C. G. Muir and Even J{\o}rgensen},
	title = {Organochlorine-induced histopathology in kidney and liver tissue from Arctic fox (Vulpes lagopus)},
	journal = {Chemosphere}
}