@incollection{ID41349122856,
	doi = {10.1016/s0065-2504(07)00021-9},
	url = {https://doi.org/10.1016%2Fs0065-2504%2807%2900021-9},
	year = 2008,
	publisher = {Elsevier},
	pages = {499-544},
	author = {Mads C. Forchhammer and Torben R. Christensen and Birger U. Hansen and Mikkel P. Tamstorf and Niels M. Schmidt and Toke T. H{\o}ye and Jacob Nabe-Nielsen and Morten Rasch and Hans Meltofte and Bo Elberling and Eric Post},
	title = {Zackenberg in a Circumpolar Context},
	booktitle = {High-Arctic Ecosystem Dynamics in a Changing Climate},
	volume = {40},
	journal = {Advances in Ecological Research}
}