@incollection{ID41349099022,
	doi = {10.1016/s0065-2504(07)00001-3},
	url = {https://doi.org/10.1016%2Fs0065-2504%2807%2900001-3},
	year = 2008,
	publisher = {Elsevier},
	pages = {1-12},
	author = {Hans Meltofte and Torben R. Christensen and Bo Elberling and Mads C. Forchhammer and Morten Rasch},
	title = {Introduction},
	booktitle = {High-Arctic Ecosystem Dynamics in a Changing Climate},
	volume = {40},
	journal = {Advances in Ecological Research}
}