@incollection{ID41349089304,
	doi = {10.1016/s0065-2504(07)00017-7},
	url = {https://doi.org/10.1016%2Fs0065-2504%2807%2900017-7},
	year = 2008,
	publisher = {Elsevier},
	pages = {391-419},
	author = {Mads C. Forchhammer and Niels M. Schmidt and Toke T. H{\o}ye and Thomas B. Berg and Ditte K. Hendrichsen and Eric Post},
	title = {Population Dynamical Responses to Climate Change},
	booktitle = {High-Arctic Ecosystem Dynamics in a Changing Climate},
	volume = {40},
	journal = {Advances in Ecological Research}
}