@article{ID42149111633,
	doi = {10.1007/s00442-008-0961-x},
	url = {https://doi.org/10.1007%2Fs00442-008-0961-x},
	year = 2008,
	month = {feb},
	publisher = {Springer Nature},
	volume = {156},
	number = {1},
	pages = {237-247},
	author = {Robert B. Weladji and Anne Loison and Jean-Michel Gaillard and {\O}ystein Holand and Atle Mysterud and Nigel G. Yoccoz and Mauri Nieminen and Nils C. Stenseth},
	title = {Heterogeneity in individual quality overrides costs of reproduction in female reindeer},
	journal = {Oecologia}
}