@article{ID42049119422,
	doi = {10.1111/j.1420-9101.2008.01506.x},
	url = {https://doi.org/10.1111%2Fj.1420-9101.2008.01506.x},
	year = 2008,
	month = {may},
	publisher = {Wiley-Blackwell},
	volume = {21},
	number = {3},
	pages = {842-852},
	author = {P. BASSET and G. YANNIC and J. HAUSSER},
	title = {Chromosomal rearrangements and genetic structure at different evolutionary levels of the Sorex araneus group},
	journal = {Journal of Evolutionary Biology}
}