@article{ID42249111919,
	doi = {10.1890/06-2138.1},
	url = {https://doi.org/10.1890%2F06-2138.1},
	year = 2008,
	month = {feb},
	publisher = {Wiley-Blackwell},
	volume = {89},
	number = {2},
	pages = {363-370},
	author = {Eric S. Post and Christian Pedersen and Christopher C. Wilmers and Mads C. Forchhammer},
	title = {Phenological sequences reveal aggregate life history response to climatic warming},
	journal = {Ecology}
}