@article{ID42249109224,
	doi = {10.1890/07-0414.1},
	url = {https://doi.org/10.1890%2F07-0414.1},
	year = 2008,
	month = {mar},
	publisher = {Wiley-Blackwell},
	volume = {89},
	number = {3},
	pages = {829-837},
	author = {B{\aa}rd-J{\o}rgen B{\aa}rdsen and Per Fauchald and Torkild Tveraa and Knut Langeland and Nigel Gilles Yoccoz and Rolf Anker Ims},
	title = {Experimental evidence of a risk-sensitive reproductive allocation in a long-lived mammal},
	journal = {Ecology}
}