@article{ID42149136912,
	doi = {10.1111/j.1365-2656.2008.01365.x},
	url = {https://doi.org/10.1111%2Fj.1365-2656.2008.01365.x},
	year = 2008,
	month = {may},
	publisher = {Wiley-Blackwell},
	volume = {77},
	number = {3},
	pages = {469-477},
	author = {Atle Mysterud and Christophe Bonenfant and Leif Egil Loe and Rolf Langvatn and Nigel G. Yoccoz and Nils C. Stenseth},
	title = {The timing of male reproductive effort relative to female ovulation in a capital breeder},
	journal = {Journal of Animal Ecology}
}