@article{ID42149106345,
	doi = {10.1111/j.1365-2656.2008.01354.x},
	url = {https://doi.org/10.1111%2Fj.1365-2656.2008.01354.x},
	year = 2008,
	month = {may},
	publisher = {Wiley-Blackwell},
	volume = {77},
	number = {3},
	pages = {439-447},
	author = {Nicolas Lecomte and Vincent Careau and Gilles Gauthier and Jean-Fran{\c{c}}ois Giroux},
	title = {Predator behaviour and predation risk in the heterogeneous Arctic environment},
	journal = {Journal of Animal Ecology}
}