@article{ID42049106217,
	doi = {10.1111/j.1420-9101.2008.01526.x},
	url = {https://doi.org/10.1111%2Fj.1420-9101.2008.01526.x},
	year = 2008,
	month = {may},
	publisher = {Wiley-Blackwell},
	volume = {21},
	number = {3},
	pages = {658-667},
	author = {G. YANNIC and P. BASSET and J. HAUSSER},
	title = {A hybrid zone with coincident clines for autosomal and sex-specific markers in the Sorex araneus group},
	journal = {Journal of Evolutionary Biology}
}