@article{ID42149166179,
	doi = {10.1111/j.1365-2699.2007.01864.x},
	url = {https://doi.org/10.1111%2Fj.1365-2699.2007.01864.x},
	year = 2008,
	month = {may},
	publisher = {Wiley-Blackwell},
	volume = {35},
	number = {5},
	pages = {801-814},
	author = {Dorothee Ehrich and Inger Greve Alsos and Christian Brochmann},
	title = {Where did the northern peatland species survive the dry glacials: Cloudberry (Rubus chamaemorus) as an example},
	journal = {Journal of Biogeography}
}