@article{ID42249111236,
	doi = {10.1890/07-0348.1},
	url = {https://doi.org/10.1890%2F07-0348.1},
	year = 2008,
	month = {mar},
	publisher = {Wiley-Blackwell},
	volume = {89},
	number = {3},
	pages = {671-681},
	author = {Robert D. Holt},
	title = {Theoretical perspectives on resource pulses},
	journal = {Ecology}
}