@article{ID43049125398,
	doi = {10.1007/s00442-008-0993-2},
	url = {https://doi.org/10.1007%2Fs00442-008-0993-2},
	year = 2008,
	month = {mar},
	publisher = {Springer Nature},
	volume = {156},
	number = {2},
	pages = {287-304},
	author = {Bernard Cazelles and Mario Chavez and Dominique Berteaux and Fr{\'{e}}d{\'{e}}ric M{\'{e}}nard and Jon Olav Vik and St{\'{e}}phanie Jenouvrier and Nils C. Stenseth},
	title = {Wavelet analysis of ecological time series},
	journal = {Oecologia}
}