@article{ID4344585537,
	doi = {10.1016/j.biocon.2004.04.021},
	url = {https://doi.org/10.1016%2Fj.biocon.2004.04.021},
	year = 2005,
	month = {jan},
	publisher = {Elsevier {BV}},
	volume = {121},
	number = {2},
	pages = {303-309},
	author = {H. Grant Gilchrist and Mark L. Mallory},
	title = {Declines in abundance and distribution of the ivory gull (Pagophila eburnea) in Arctic Canada},
	journal = {Biological Conservation}
}