@article{ID43049122758,
	doi = {10.1111/j.1365-2311.2007.00975.x},
	url = {https://doi.org/10.1111%2Fj.1365-2311.2007.00975.x},
	year = 2008,
	month = {jun},
	publisher = {Wiley-Blackwell},
	volume = {33},
	number = {3},
	pages = {346-356},
	author = {SOFIA GRIPENBERG and TOMAS ROSLIN},
	title = {Neither the devil nor the deep blue sea: Larval mortality factors fail to explain the abundance and distribution of Tischeria ekebladella},
	journal = {Ecological Entomology}
}