@article{ID43949121735,
	doi = {10.1016/j.yhbeh.2008.02.014},
	url = {https://doi.org/10.1016%2Fj.yhbeh.2008.02.014},
	year = 2008,
	month = {jun},
	publisher = {Elsevier {BV}},
	volume = {54},
	number = {1},
	pages = {194-202},
	author = {Eunice H. Chin and Amit H. Shah and Kim L. Schmidt and Lani D. Sheldon and Oliver P. Love and Kiran K. Soma},
	title = {Sex differences in DHEA and estradiol during development in a wild songbird: Jugular versus brachial plasma},
	journal = {Hormones and Behavior}
}