@article{ID43949110291,
	doi = {10.1186/1472-6785-8-8},
	url = {https://doi.org/10.1186%2F1472-6785-8-8},
	year = 2008,
	publisher = {Springer Nature},
	volume = {8},
	number = {1},
	pages = {8},
	author = {Toke T H{\o}ye and Mads C Forchhammer},
	title = {The influence of weather conditions on the activity of high-arctic arthropods inferred from long-term observations},
	journal = {{BMC} Ecology}
}