@article{ID43749096794,
	doi = {10.1098/rspb.2008.0122},
	url = {https://doi.org/10.1098%2Frspb.2008.0122},
	year = 2008,
	month = {jul},
	publisher = {The Royal Society},
	volume = {275},
	number = {1642},
	pages = {1509-1515},
	author = {S. B Hagen and J. U Jepsen and N. G Yoccoz and R. A Ims},
	title = {Anisotropic patterned population synchrony in climatic gradients indicates nonlinear climatic forcing},
	journal = {Proceedings of the Royal Society B: Biological Sciences}
}