@article{ID44849093535,
	doi = {10.1111/j.0906-7590.2008.05206.x},
	url = {https://doi.org/10.1111%2Fj.0906-7590.2008.05206.x},
	year = 2008,
	month = {jun},
	publisher = {Wiley-Blackwell},
	volume = {31},
	number = {3},
	pages = {316-326},
	author = {Jens-Christian Svenning and Signe Normand and Flemming Skov},
	title = {Postglacial dispersal limitation of widespread forest plant species in nemoral Europe},
	journal = {Ecography}
}