@article{ID44849143911,
	doi = {10.1111/j.1365-2656.2008.01396.x},
	url = {https://doi.org/10.1111%2Fj.1365-2656.2008.01396.x},
	year = 2008,
	month = {jul},
	publisher = {Wiley-Blackwell},
	volume = {77},
	number = {4},
	pages = {757-767},
	author = {Sofia Gripenberg and Otso Ovaskainen and Elly MorriÃ«n and Tomas Roslin},
	title = {Spatial population structure of a specialist leaf-mining moth},
	journal = {Journal of Animal Ecology}
}