@article{ID44849118489,
	doi = {10.1111/j.0906-7590.2008.05365.x},
	url = {https://doi.org/10.1111%2Fj.0906-7590.2008.05365.x},
	year = 2008,
	month = {jun},
	publisher = {Wiley-Blackwell},
	volume = {31},
	number = {3},
	pages = {335-347},
	author = {Tomas Roslin and Heidi Syrjälä and Jens Roland and Philip J. Harrison and Sherri Fownes and Stephen F. Matter},
	title = {Caterpillars on the run - Induced defences create spatial patterns in host plant damage},
	journal = {Ecography}
}