@article{ID44849126901,
	doi = {10.1111/j.1365-2656.2008.01381.x},
	url = {https://doi.org/10.1111%2Fj.1365-2656.2008.01381.x},
	year = 2008,
	month = {jul},
	publisher = {Wiley-Blackwell},
	volume = {77},
	number = {4},
	pages = {654-660},
	author = {Silke Bauer and Martijn Van Dinther and Kjell-Arild H{\o}gda and Marcel Klaassen and Jesper Madsen},
	title = {The consequences of climate-driven stop-over sites changes on migration schedules and fitness of Arctic geese},
	journal = {Journal of Animal Ecology}
}