@article{ID44649094510,
	doi = {10.1093/aob/mcn046},
	url = {https://doi.org/10.1093%2Faob%2Fmcn046},
	year = 2008,
	month = {apr},
	publisher = {Oxford University Press ({OUP})},
	volume = {101},
	number = {9},
	pages = {1363-1377},
	author = {Nathaniel J. Dominy and Peter J. Grubb and Robyn V. Jackson and Peter W. Lucas and Daniel J. Metcalfe and Jens-Christian Svenning and Ian M. Turner},
	title = {In tropical lowland rain forests monocots have tougher leaves than dicots, and include a new kind of tough leaf},
	journal = {Annals of Botany}
}