@article{ID44949102179,
	doi = {10.1111/j.1365-2486.2008.01581.x},
	url = {https://doi.org/10.1111%2Fj.1365-2486.2008.01581.x},
	year = 2008,
	month = {jul},
	publisher = {Wiley-Blackwell},
	volume = {14},
	number = {7},
	pages = {1455-1463},
	author = {DAVID B. IRONS and TYCHO ANKER-NILSSEN and ANTHONY J. GASTON and G. VERNON BYRD and KNUD FALK and GRANT GILCHRIST and MARTTI HARIO and M{\AA}NS HJERNQUIST and YURI V. KRASNOV and ANDERS MOSBECH and BERGUR OLSEN and AEVAR PETERSEN and JAMES B. REID and GREGORY J. ROBERTSON and HALLVARD STR{\O}M and KENTON D. WOHL},
	title = {Fluctuations in circumpolar seabird populations linked to climate oscillations},
	journal = {Global Change Biology}
}