@article{ID44349153502,
	doi = {10.1016/j.ijpara.2008.01.003},
	url = {https://doi.org/10.1016%2Fj.ijpara.2008.01.003},
	year = 2008,
	month = {aug},
	publisher = {Elsevier {BV}},
	volume = {38},
	number = {10},
	pages = {1161-1170},
	author = {Nathalie Franceschi and Alexandre Bauer and Lo√Øc Bollache and Thierry Rigaud},
	title = {The effects of parasite age and intensity on variability in acanthocephalan-induced behavioural manipulation},
	journal = {International Journal for Parasitology}
}