@article{ID44649151043,
	doi = {10.1093/aob/mcn047},
	url = {https://doi.org/10.1093%2Faob%2Fmcn047},
	year = 2008,
	month = {apr},
	publisher = {Oxford University Press ({OUP})},
	volume = {101},
	number = {9},
	pages = {1379-1389},
	author = {P. J. Grubb and R. V. Jackson and I. M. Barberis and J. N. Bee and D. A. Coomes and N. J. Dominy and M. A. S. De La Fuente and P. W. Lucas and D. J. Metcalfe and J.-C. Svenning and I. M. Turner and O. Vargas},
	title = {Monocot leaves are eaten less than dicot leaves in tropical lowland rain forests: Correlations with toughness and leaf presentation},
	journal = {Annals of Botany}
}