@article{ID44449111215,
	doi = {10.1098/rstb.2007.2207},
	url = {https://doi.org/10.1098%2Frstb.2007.2207},
	year = 2008,
	month = {jul},
	publisher = {The Royal Society},
	volume = {363},
	number = {1501},
	pages = {2367-2373},
	author = {E. Post and M. C Forchhammer},
	title = {Climate change reduces reproductive success of an Arctic herbivore through trophic mismatch},
	journal = {Philosophical Transactions of the Royal Society B: Biological Sciences}
}