@article{ID44449117427,
	doi = {10.1098/rstb.2007.2206},
	url = {https://doi.org/10.1098%2Frstb.2007.2206},
	year = 2008,
	month = {jul},
	publisher = {The Royal Society},
	volume = {363},
	number = {1501},
	pages = {2357-2366},
	author = {A. Mysterud and N. G Yoccoz and R. Langvatn and N. Pettorelli and N. C. Stenseth},
	title = {Hierarchical path analysis of deer responses to direct and indirect effects of climate in northern forest},
	journal = {Philosophical Transactions of the Royal Society B: Biological Sciences}
}