@article{ID44649124482,
	doi = {10.1002/cjs.5550360107},
	url = {https://doi.org/10.1002%2Fcjs.5550360107},
	year = 2008,
	month = {mar},
	publisher = {Wiley-Blackwell},
	volume = {36},
	number = {1},
	pages = {59-73},
	author = {Gilles Gauthier and Jean-Dominique Lebreton},
	title = {Analysis of Band-recovery data in a multistate capture-recapture framework},
	journal = {Canadian Journal of Statistics}
}