@article{ID45749115764,
	doi = {10.1186/1743-422x-5-71},
	url = {https://doi.org/10.1186%2F1743-422x-5-71},
	year = 2008,
	publisher = {Springer Nature},
	volume = {5},
	number = {1},
	pages = {71},
	author = {Hon S Ip and Paul L Flint and J Christian Franson and Robert J Dusek and Dirk V Derksen and Robert E Gill and Craig R Ely and John M Pearce and Richard B Lanctot and Steven M Matsuoka and David B Irons and Julian B Fischer and Russell M Oates and Margaret R Petersen and Thomas F Fondell and Deborah A Rocque and Janice C Pedersen and Thomas C Rothe},
	title = {Prevalence of Influenza A viruses in wild migratory birds in Alaska: Patterns of variation in detection at a crossroads of intercontinental flyways},
	journal = {Virology Journal}
}