@article{ID45449087041,
	doi = {10.1007/s00227-008-0994-z},
	url = {https://doi.org/10.1007%2Fs00227-008-0994-z},
	year = 2008,
	month = {may},
	publisher = {Springer Nature},
	volume = {154},
	number = {6},
	pages = {1031-1040},
	author = {M. L. Mallory and A. J. Gaston and M. R. Forbes and H. G. Gilchrist and B. Cheney and S. Lewis and P. M. Thompson},
	title = {Flexible incubation rhythm in northern fulmars: A comparison between oceanographic zones},
	journal = {Marine Biology}
}