@article{ID45749144337,
	doi = {10.1186/1472-6785-8-11},
	url = {https://doi.org/10.1186%2F1472-6785-8-11},
	year = 2008,
	publisher = {Springer Nature},
	volume = {8},
	number = {1},
	pages = {11},
	author = {Stine Bjorholm and Jens-Christian Svenning and Flemming Skov and Henrik Balslev},
	title = {To what extent does Tobler's 1st law of geography apply to macroecology? A case study using American palms (Arecaceae)},
	journal = {{BMC} Ecology}
}