@article{ID4544353282,
	doi = {10.1086/423431},
	url = {https://doi.org/10.1086%2F423431},
	year = 2004,
	month = {sep},
	publisher = {University of Chicago Press},
	volume = {164},
	number = {3},
	pages = {283-297},
	author = {Ilya Klvana and Dominique Berteaux and Bernard Cazelles},
	title = {Porcupine feeding scars and climatic data show ecosystem effects of the solar cycle},
	journal = {The American Naturalist}
}