@article{ID45149119506,
	doi = {10.3354/cr00736},
	url = {https://doi.org/10.3354%2Fcr00736},
	year = 2008,
	month = {apr},
	publisher = {Inter-Research Science Center},
	volume = {36},
	pages = {123-130},
	author = {R Boonstra and L Desantis and CJ Krebs and DS Hik},
	title = {Climate and nutrient influences on the growth of white spruce trees in the boreal forests of the Yukon},
	journal = {Climate Research},
	number = {2}
}