@article{ID4644317546,
	doi = {10.1111/j.0908-8857.2004.03317.x},
	url = {https://doi.org/10.1111%2Fj.0908-8857.2004.03317.x},
	year = 2004,
	month = {sep},
	publisher = {Wiley-Blackwell},
	volume = {35},
	number = {5},
	pages = {405-409},
	author = {Jeroen Reneerkens and Peter Korsten},
	title = {Plumage reflectance is not affected by preen wax composition in red knots Calidris canutus},
	journal = {Journal of Avian Biology}
}