@article{ID46749090090,
	doi = {10.1111/j.1365-2664.2008.01515.x},
	url = {https://doi.org/10.1111%2Fj.1365-2664.2008.01515.x},
	year = 2008,
	month = {jun},
	publisher = {Wiley-Blackwell},
	pages = {???-???},
	author = {John-Andr Henden and Brd-Jrgen Brdsen and Nigel G. Yoccoz and Rolf A. Ims},
	title = {Impacts of differential prey dynamics on the potential recovery of endangered arctic fox populations},
	journal = {Journal of Applied Ecology},
	volume = {45},
	number = {4}
}