@article{ID46149138712,
	doi = {10.1016/0003-3472(86)90042-4},
	url = {https://doi.org/10.1016%2F0003-3472%2886%2990042-4},
	year = 1986,
	month = {feb},
	publisher = {Elsevier {BV}},
	volume = {34},
	pages = {300-302},
	author = {Gilles Gauthier},
	title = {Experimentally-induced polygyny in buffleheads: Evidence for a mixed reproductive strategy?},
	journal = {Animal Behaviour},
	number = {PART 1}
}