@article{ID46049120807,
	doi = {10.1657/1523-0430(06-098)[breen]2.0.co;2},
	url = {https://doi.org/10.1657%2F1523-0430%2806-098%29%5Bbreen%5D2.0.co%3B2},
	year = 2008,
	month = {may},
	publisher = {Institute of Arctic and Alpine Research ({INSTAAR})},
	volume = {40},
	number = {2},
	pages = {287-297},
	author = {Katie Breen and Esther L{\'{e}}vesque},
	title = {The influence of biological soil crusts on soil characteristics along a High Arctic glacier foreland, Nunavut, Canada},
	journal = {Arctic, Antarctic, and Alpine Research}
}