@article{ID46749152926,
	doi = {10.1016/j.biocon.2008.04.027},
	url = {https://doi.org/10.1016%2Fj.biocon.2008.04.027},
	year = 2008,
	month = {jul},
	publisher = {Elsevier {BV}},
	volume = {141},
	number = {7},
	pages = {1806-1818},
	author = {R JENSEN and M WISZ and J MADSEN},
	title = {Prioritizing refuge sites for migratory geese to alleviate conflicts with agriculture},
	journal = {Biological Conservation}
}