@article{ID46749148040,
	doi = {10.1111/j.1365-2664.2008.01505.x},
	url = {https://doi.org/10.1111%2Fj.1365-2664.2008.01505.x},
	year = 2008,
	month = {jun},
	publisher = {Wiley-Blackwell},
	pages = {???-???},
	author = {Carla Freitas and Kit M. Kovacs and Christian Lydersen and Rolf A. Ims},
	title = {A novel method for quantifying habitat selection and predicting habitat use},
	journal = {Journal of Applied Ecology},
	volume = {45},
	number = {4}
}