@article{ID46549083003,
	doi = {10.1016/j.anbehav.2008.01.012},
	url = {https://doi.org/10.1016%2Fj.anbehav.2008.01.012},
	year = 2008,
	month = {jul},
	publisher = {Elsevier {BV}},
	volume = {76},
	number = {1},
	pages = {87-95},
	author = {Aur{\'{e}}lie Cohas and Nigel Gilles Yoccoz and Christophe Bonenfant and Beno{\^{\i}}t Goossens and C{\'{e}}line Genton and Maxime Galan and Bart Kempenaers and Dominique Allain{\'{e}}},
	title = {The genetic similarity between pair members influences the frequency of extrapair paternity in alpine marmots},
	journal = {Animal Behaviour}
}