@article{ID47749126207,
	doi = {10.1111/j.1558-5646.2008.00411.x},
	url = {https://doi.org/10.1111%2Fj.1558-5646.2008.00411.x},
	year = 2008,
	month = {jun},
	publisher = {Wiley-Blackwell},
	pages = {???-???},
	author = {Samantha E. Forde and John N. Thompson and Robert D. Holt and Brendan J. M. Bohannan},
	title = {Coevolution drives temporal changes in fitness and diversity across environments in a bacteria-bacteriophage interaction},
	journal = {Evolution},
	volume = {62},
	number = {8}
}