@article{ID47249087743,
	doi = {10.1111/j.1755-0998.2008.02125.x},
	url = {https://doi.org/10.1111%2Fj.1755-0998.2008.02125.x},
	year = 2008,
	month = {jun},
	publisher = {Wiley-Blackwell},
	volume = {8},
	number = {4},
	pages = {943-945},
	author = {MARIE-JOS{\'{E}} NAUD and PAUL W. SHAW},
	title = {Isolation and characterization of highly polymorphic microsatellites in the chokka squid, Loligo reynaudii},
	journal = {Molecular Ecology Resources}
}