@article{ID47249118728,
	doi = {10.1098/rspb.2008.0463},
	url = {https://doi.org/10.1098%2Frspb.2008.0463},
	year = 2008,
	month = {sep},
	publisher = {The Royal Society},
	volume = {275},
	number = {1646},
	pages = {2005-2013},
	author = {E. Post and C. Pedersen and C. C Wilmers and M. C Forchhammer},
	title = {Warming, plant phenology and the spatial dimension of trophic mismatch for large herbivores},
	journal = {Proceedings of the Royal Society B: Biological Sciences}
}