@article{ID47649091957,
	doi = {10.1111/j.1365-294x.2008.03853.x},
	url = {https://doi.org/10.1111%2Fj.1365-294x.2008.03853.x},
	year = 2008,
	month = {jul},
	publisher = {Wiley-Blackwell},
	pages = {???-???},
	author = {PHILIPP TRNEL and MICHAEL M. HANSEN and SIGNE NORMAND and FINN BORCHSENIUS},
	title = {Landscape genetics, historical isolation and cross-Andean gene flow in the wax palm, Ceroxylon echinulatum (Arecaceae)},
	journal = {Molecular Ecology},
	volume = {17},
	number = {15}
}