@article{ID48849106252,
	doi = {10.1111/j.1365-2486.2008.01622.x},
	url = {https://doi.org/10.1111%2Fj.1365-2486.2008.01622.x},
	year = 2008,
	month = {sep},
	publisher = {Wiley-Blackwell},
	volume = {14},
	number = {9},
	pages = {1973-1985},
	author = {MARIE-H{\'{E}}L{\`{E}}NE DICKEY and GILLES GAUTHIER and MARIE-CHRISTINE CADIEUX},
	title = {Climatic effects on the breeding phenology and reproductive success of an arctic-nesting goose species},
	journal = {Global Change Biology}
}