@article{ID48249121194,
	doi = {10.1073/pnas.0803656105},
	url = {https://doi.org/10.1073%2Fpnas.0803656105},
	year = 2008,
	month = {jun},
	publisher = {Proceedings of the National Academy of Sciences},
	volume = {105},
	number = {26},
	pages = {E39-E39},
	author = {C{\'{e}}line Le Bohec and JoÃ«l M. Durant and Michel Gauthier-Clerc and Nils Chr. Stenseth and Young-Hyang Park and Roger Pradel and David Gr{\'{e}}millet and Jean-Paul Gendner and Yvon Le Maho},
	title = {Reply to Barbraud et al.: King penguin population threatened by Southern Ocean warming},
	journal = {Proceedings of the National Academy of Sciences}
}