@article{ID4844222434,
	doi = {10.1023/b:joec.0000042396.40756.b7},
	url = {https://doi.org/10.1023%2Fb%3Ajoec.0000042396.40756.b7},
	year = 2004,
	month = {sep},
	publisher = {Springer Nature},
	volume = {30},
	number = {9},
	pages = {1693-1711},
	author = {Juha-Pekka Salminen and Tomas Roslin and Maarit Karonen and Jari Sinkkonen and Kalevi Pihlaja and Pertti Pulkkinen},
	title = {Seasonal variation in the content of hydrolyzable tannins, flavonoid glycosides, and proanthocyanidins in oak leaves},
	journal = {Journal of Chemical Ecology}
}