@article{ID48749110722,
	doi = {10.1111/j.1469-1795.2008.00188.x},
	url = {https://doi.org/10.1111%2Fj.1469-1795.2008.00188.x},
	year = 2008,
	month = {aug},
	publisher = {Wiley-Blackwell},
	volume = {11},
	number = {4},
	pages = {330-338},
	author = {T. Meijer and K. Nor{\'{e}}n and P. Hellström and L. Dal{\'{e}}n and A. Angerbjörn},
	title = {Estimating population parameters in a threatened arctic fox population using molecular tracking and traditional field methods},
	journal = {Animal Conservation}
}