@article{ID48049119957,
	doi = {10.2980/15-2-3097},
	url = {https://doi.org/10.2980%2F15-2-3097},
	year = 2008,
	month = {jun},
	publisher = {Informa {UK} Limited},
	volume = {15},
	number = {2},
	pages = {268-276},
	author = {Vincent Careau and Nicolas Lecomte and JoÃ«l B{\^{e}}ty and Jean-Fran{\c{c}}ois Giroux and Gilles Gauthier and Dominique Berteaux},
	title = {Hoarding of pulsed resources: Temporal variations in egg-caching by arctic fox},
	journal = {Ecoscience}
}