@article{ID48249085287,
	doi = {10.2193/2006-004},
	url = {https://doi.org/10.2193%2F2006-004},
	year = 2007,
	publisher = {Wiley-Blackwell},
	volume = {71},
	number = {7},
	pages = {2266},
	author = {M. G. BETTS and D. MITCHELL and A. W. DIAMOND and J. B{\^{E}}TY},
	title = {Uneven rates of landscape change as a source of bias in roadside wildlife surveys},
	journal = {Journal of Wildlife Management}
}