@article{ID48149100233,
	doi = {10.1016/j.ecolmodel.2008.05.014},
	url = {https://doi.org/10.1016%2Fj.ecolmodel.2008.05.014},
	year = 2008,
	month = {sep},
	publisher = {Elsevier {BV}},
	volume = {217},
	number = {1-2},
	pages = {19-32},
	author = {Carla Freitas and Kit M. Kovacs and Rolf A. Ims and Christian Lydersen},
	title = {Predicting habitat use by ringed seals (Phoca hispida) in a warming Arctic},
	journal = {Ecological Modelling}
}