@article{ID48449100809,
	doi = {10.1007/s00300-008-0443-y},
	url = {https://doi.org/10.1007%2Fs00300-008-0443-y},
	year = 2008,
	month = {apr},
	publisher = {Springer Nature},
	volume = {31},
	number = {9},
	pages = {1043-1049},
	author = {Jean-Nicolas Jasmin and Line Rochefort and Gilles Gauthier},
	title = {Goose grazing influences the fine-scale structure of a bryophyte community in arctic wetlands},
	journal = {Polar Biology}
}