@article{ID48049105076,
	doi = {10.2980/15-2-3025},
	url = {https://doi.org/10.2980%2F15-2-3025},
	year = 2008,
	month = {jun},
	publisher = {Informa {UK} Limited},
	volume = {15},
	number = {2},
	pages = {141-149},
	author = {G{\o}ril Einarsen and Vera H. Hausner and Nigel G. Yoccoz and Rolf A. Ims},
	title = {Predation on artificial ground nests in birch forests fragmented by spruce plantations},
	journal = {Ecoscience}
}