@article{ID48349111094,
	doi = {10.1890/07-1101.1},
	url = {https://doi.org/10.1890%2F07-1101.1},
	year = 2008,
	month = {jul},
	publisher = {Wiley-Blackwell},
	volume = {89},
	number = {7},
	pages = {1953-1960},
	author = {Silke Bauer and Phillip Gienapp and Jesper Madsen},
	title = {The relevance of environmental conditions for departure decision changes en route in migrating geese},
	journal = {Ecology}
}