@article{ID48249111023,
	doi = {10.1111/j.1469-7998.2008.00453.x},
	url = {https://doi.org/10.1111%2Fj.1469-7998.2008.00453.x},
	year = 2008,
	month = {aug},
	publisher = {Wiley-Blackwell},
	volume = {275},
	number = {4},
	pages = {407-412},
	author = {A. Mysterud and C. Bonenfant and L. E. Loe and R. Langvatn and N. G. Yoccoz and N. C. Stenseth},
	title = {Age-specific feeding cessation in male red deer during rut},
	journal = {Journal of Zoology}
}