@article{ID49249106394,
	doi = {10.1139/z08-059},
	url = {https://doi.org/10.1139%2Fz08-059},
	year = 2008,
	month = {aug},
	publisher = {Canadian Science Publishing},
	volume = {86},
	number = {8},
	pages = {910-917},
	author = {Nicolas Gruyer and Gilles Gauthier and Dominique Berteaux},
	title = {Cyclic dynamics of sympatric lemming populations on Bylot Island, Nunavut, Canada},
	journal = {Canadian Journal of Zoology}
}