@article{ID49549116164,
	doi = {10.1111/j.1472-4642.2008.00476.x},
	url = {https://doi.org/10.1111%2Fj.1472-4642.2008.00476.x},
	year = 2008,
	month = {sep},
	publisher = {Wiley-Blackwell},
	volume = {14},
	number = {5},
	pages = {721-731},
	author = {Mary Wisz and Nicolas Dendoncker and Jesper Madsen and Mark Rounsevell and Martin Jespersen and Eckhart Kuijken and Wouter Courtens and Christine Verscheure and Fred Cottaar},
	title = {Modelling pink-footed goose (Anser brachyrhynchus) wintering distributions for the year 2050: Potential effects of land-use change in Europe},
	journal = {Diversity and Distributions}
}