@article{ID49849099923,
	doi = {10.1086/589459},
	url = {https://doi.org/10.1086%2F589459},
	year = 2008,
	month = {aug},
	publisher = {University of Chicago Press},
	volume = {172},
	number = {2},
	pages = {233-247},
	author = {Ido Filin and Robert~D. Holt and Michael Barfield},
	title = {The relation of density regulation to habitat specialization, evolution of a species' range, and the dynamics of biological invasions},
	journal = {The American Naturalist}
}