@article{ID49249109044,
	doi = {10.3184/003685008x327468},
	url = {https://doi.org/10.3184%2F003685008x327468},
	year = 2008,
	month = {jul},
	publisher = {Science Reviews 2000 {LTD}},
	volume = {91},
	number = {2},
	pages = {175-191},
	author = {Eva Fuglei and Rolf Anker Ims},
	title = {Global warming and effects on the arctic fox},
	journal = {Science Progress}
}