@article{ID49649107410,
	doi = {10.1111/j.0030-1299.2008.16545.x},
	url = {https://doi.org/10.1111%2Fj.0030-1299.2008.16545.x},
	year = 2008,
	month = {sep},
	publisher = {Wiley-Blackwell},
	volume = {117},
	number = {9},
	pages = {1406-1416},
	author = {S{\'{e}}bastien Descamps and Stan Boutin and Dominique Berteaux and Jean-Michel Gaillard},
	title = {Age-specific variation in survival, reproductive success and offspring quality in red squirrels: Evidence of senescence},
	journal = {Oikos}
}