@article{ID49849092071,
	doi = {10.1016/j.yhbeh.2008.01.006},
	url = {https://doi.org/10.1016%2Fj.yhbeh.2008.01.006},
	year = 2008,
	month = {sep},
	publisher = {Elsevier {BV}},
	volume = {54},
	number = {4},
	pages = {496-505},
	author = {O LOVE and T WILLIAMS},
	title = {Plasticity in the adrenocortical response of a free-living vertebrate: The role of pre- and post-natal developmental stress},
	journal = {Hormones and Behavior}
}