@article{ID50849126794,
	doi = {10.1007/s00114-008-0392-x},
	url = {https://doi.org/10.1007%2Fs00114-008-0392-x},
	year = 2008,
	month = {jun},
	publisher = {Springer Nature},
	volume = {95},
	number = {9},
	pages = {839-844},
	author = {Nicolas Kaldonski and Cl{\'{e}}ment Lagrue and S{\'{e}}bastien Motreuil and Thierry Rigaud and Lo√Øc Bollache},
	title = {Habitat segregation mediates predation by the benthic fish Cottus gobio on the exotic amphipod species Gammarus roeseli},
	journal = {Naturwissenschaften}
}