@article{ID50649113923,
	doi = {10.1111/j.1365-2664.2008.01532.x},
	url = {https://doi.org/10.1111%2Fj.1365-2664.2008.01532.x},
	year = 2008,
	month = {oct},
	publisher = {Wiley-Blackwell},
	volume = {45},
	number = {5},
	pages = {1446-1452},
	author = {Marcel Klaassen and Silke Bauer and Jesper Madsen and Hugh Possingham},
	title = {Optimal management of a goose flyway: Migrant management at minimum cost},
	journal = {Journal of Applied Ecology}
}