@article{ID50049135019,
	doi = {10.1111/j.1474-919x.2008.00837.x},
	url = {https://doi.org/10.1111%2Fj.1474-919x.2008.00837.x},
	year = 2008,
	month = {aug},
	publisher = {Wiley-Blackwell},
	volume = {150},
	pages = {231-239},
	author = {CRAIG R. WHITE and PATRICK J. BUTLER and DAVID GR{\'{E}}MILLET and GRAHAM R. MARTIN},
	title = {Behavioural strategies of cormorants (Phalacrocoracidae) foraging under challenging light conditions},
	journal = {Ibis},
	number = {SUPPL.1}
}