@article{ID51549109715,
	doi = {10.1086/589521},
	url = {https://doi.org/10.1086%2F589521},
	year = 2008,
	month = {sep},
	publisher = {University of Chicago Press},
	volume = {172},
	number = {3},
	pages = {E99-E112},
	author = {Oliver~P. Love and Katrina~G. Salvante and James Dale and Tony~D. Williams},
	title = {Sex-specific variability in the immune system across life-history stages},
	journal = {The American Naturalist}
}