@article{ID51249096943,
	doi = {10.1016/j.aquaculture.2008.06.009},
	url = {https://doi.org/10.1016%2Fj.aquaculture.2008.06.009},
	year = 2008,
	month = {oct},
	publisher = {Elsevier {BV}},
	volume = {283},
	number = {1-4},
	pages = {203-210},
	author = {B. G. Clynick and C. W. McKindsey and P. Archambault},
	title = {Distribution and productivity of fish and macroinvertebrates in mussel aquaculture sites in the Magdalen islands (Qu√©bec, Canada)},
	journal = {Aquaculture}
}