@article{ID51549105705,
	doi = {10.1086/589898},
	url = {https://doi.org/10.1086%2F589898},
	year = 2008,
	month = {sep},
	publisher = {University of Chicago Press},
	volume = {172},
	number = {3},
	pages = {375-392},
	author = {Tiffany~M. Knight and Michael Barfield and Robert~D. Holt},
	title = {Evolutionary dynamics as a component of stage-structured matrix models: An example using Trillium grandiflorum},
	journal = {The American Naturalist}
}