@article{ID51649101264,
	doi = {10.1111/j.1365-294x.2008.03888.x},
	url = {https://doi.org/10.1111%2Fj.1365-294x.2008.03888.x},
	year = 2008,
	month = {sep},
	publisher = {Wiley-Blackwell},
	volume = {17},
	number = {18},
	pages = {4118-4133},
	author = {G YANNIC and P BASSET and J HAUSSER},
	title = {Phylogeography and recolonization of the Swiss Alps by the Valais shrew (Sorex antinorii), inferred with autosomal and sex-specific markers},
	journal = {Molecular Ecology}
}