@article{ID51549111450,
	doi = {10.1098/rsbl.2008.0291},
	url = {https://doi.org/10.1098%2Frsbl.2008.0291},
	year = 2008,
	month = {oct},
	publisher = {The Royal Society},
	volume = {4},
	number = {5},
	pages = {538-540},
	author = {T. Boulinier and K. D McCoy and N. G Yoccoz and J. Gasparini and T. Tveraa},
	title = {Public information affects breeding dispersal in a colonial bird: Kittiwakes cue on neighbours},
	journal = {Biology Letters}
}