@article{ID52649173401,
	doi = {10.3354/dao01952},
	url = {https://doi.org/10.3354%2Fdao01952},
	year = 2008,
	month = {aug},
	publisher = {Inter-Research Science Center},
	volume = {81},
	pages = {119-125},
	author = {D Urbach and A Britschgi and A Jacob and D Bittner and D Bernet and T Wahli and NG Yoccoz and C Wedekind},
	title = {Gonadal alterations in male whitefish Coregonus fatioi: No evidence for genetic damage reducing viability in early life stages},
	journal = {Diseases of Aquatic Organisms},
	number = {2}
}