@article{ID52049119250,
	doi = {10.1111/j.0030-1299.2008.16725.x},
	url = {https://doi.org/10.1111%2Fj.0030-1299.2008.16725.x},
	year = 2008,
	month = {oct},
	publisher = {Wiley-Blackwell},
	volume = {117},
	number = {10},
	pages = {1560-1568},
	author = {Tomas Roslin and Juha-Pekka Salminen},
	title = {Specialization pays off: Contrasting effects of two types of tannins on oak specialist and generalist moth species},
	journal = {Oikos}
}