@article{ID53149122446,
	doi = {10.1016/j.jtbi.2008.07.022},
	url = {https://doi.org/10.1016%2Fj.jtbi.2008.07.022},
	year = 2008,
	month = {nov},
	publisher = {Elsevier {BV}},
	volume = {255},
	number = {1},
	pages = {152-161},
	author = {Manojit Roy and Karin Harding and Robert D. Holt},
	title = {Generalizing Levins metapopulation model in explicit space: Models of intermediate complexity},
	journal = {Journal of Theoretical Biology}
}