@article{ID53549118846,
	doi = {10.1016/j.vetpar.2008.08.020},
	url = {https://doi.org/10.1016%2Fj.vetpar.2008.08.020},
	year = 2008,
	month = {nov},
	publisher = {Elsevier {BV}},
	volume = {158},
	number = {1-2},
	pages = {121-128},
	author = {Kristin Wear Prestrud and Kjetil {\AA}sbakk and Torill M{\o}rk and Eva Fuglei and Morten Tryland and Chunlei Su},
	title = {Direct high-resolution genotyping of Toxoplasma gondii in arctic foxes (Vulpes lagopus) in the remote arctic Svalbard archipelago reveals widespread clonal Type II lineage},
	journal = {Veterinary Parasitology}
}