@article{ID53749086881,
	doi = {10.1126/science.1164542},
	url = {https://doi.org/10.1126%2Fscience.1164542},
	year = 2008,
	month = {oct},
	publisher = {American Association for the Advancement of Science ({AAAS})},
	volume = {322},
	number = {5899},
	pages = {206-207},
	author = {J.-C. Svenning and R. Condit},
	title = {Ecology: Biodiversity in a warmer world},
	journal = {Science}
}