@article{ID53849088532,
	doi = {10.1109/tgrs.2008.920020},
	url = {https://doi.org/10.1109%2Ftgrs.2008.920020},
	year = 2008,
	month = {oct},
	publisher = {Institute of Electrical and Electronics Engineers ({IEEE})},
	volume = {46},
	number = {10},
	pages = {2947-2955},
	author = {A. Collin and P. Archambault and B. Long},
	title = {Mapping the shallow water seabed habitat with the SHOALS},
	journal = {{IEEE} Transactions on Geoscience and Remote Sensing}
}