@article{ID53149153876,
	doi = {10.1086/590959},
	url = {https://doi.org/10.1086%2F590959},
	year = 2008,
	month = {oct},
	publisher = {University of Chicago Press},
	volume = {172},
	number = {4},
	pages = {E135-E149},
	author = {Oliver~P. Love and Tony~D. Williams},
	title = {The adaptive value of stress-induced phenotypes: Effects of maternally derived corticosterone on sex-biased investment, cost of reproduction, and maternal fitness},
	journal = {The American Naturalist}
}