@article{ID54349102357,
	doi = {10.1139/z08-102},
	url = {https://doi.org/10.1139%2Fz08-102},
	year = 2008,
	month = {oct},
	publisher = {Canadian Science Publishing},
	volume = {86},
	number = {10},
	pages = {1217-1223},
	author = {V. Careau and J.-F. Giroux and G. Gauthier and D. Berteaux},
	title = {Surviving on cached foods - The energetics of egg-caching by arctic foxes},
	journal = {Canadian Journal of Zoology}
}