@article{ID54349094472,
	doi = {10.1007/s10980-008-9269-9},
	url = {https://doi.org/10.1007%2Fs10980-008-9269-9},
	year = 2008,
	month = {sep},
	publisher = {Springer Nature},
	volume = {23},
	number = {9},
	pages = {1007-1011},
	author = {Jesper Madsen and David Boertmann},
	title = {Animal behavioral adaptation to changing landscapes: Spring-staging geese habituate to wind farms},
	journal = {Landscape Ecology}
}