@article{ID54549091038,
	doi = {10.1890/07-0416.1},
	url = {https://doi.org/10.1890%2F07-0416.1},
	year = 2008,
	month = {jun},
	publisher = {Wiley-Blackwell},
	volume = {89},
	number = {6},
	pages = {1675-1686},
	author = {Nicholas J. C. Tyler and Mads C. Forchhammer and Nils Are {\O}ritsland},
	title = {Nonlinear effects of climate and density in the dynamics of a fluctuating population of reindeer},
	journal = {Ecology}
}