@article{ID54049100087,
	doi = {10.1111/j.1365-2745.2008.01422.x},
	url = {https://doi.org/10.1111%2Fj.1365-2745.2008.01422.x},
	year = 2008,
	month = {nov},
	publisher = {Wiley-Blackwell},
	volume = {96},
	number = {6},
	pages = {1117-1127},
	author = {Jens-Christian Svenning and Signe Normand and Masa Kageyama},
	title = {Glacial refugia of temperate trees in Europe: Insights from species distribution modelling},
	journal = {Journal of Ecology}
}