@article{ID55249119128,
	doi = {10.1038/4551175a},
	url = {https://doi.org/10.1038%2F4551175a},
	year = 2008,
	month = {oct},
	publisher = {Springer Nature},
	volume = {455},
	number = {7217},
	pages = {1175-1175},
	author = {David Gr{\'{e}}millet},
	title = {Paradox of flying to meetings to protect the environment},
	journal = {Nature}
}