@incollection{ID55749086794,
	doi = {10.1016/s1936-7961(08)00219-4},
	url = {https://doi.org/10.1016%2Fs1936-7961%2808%2900219-4},
	year = 2008,
	publisher = {Elsevier},
	pages = {401-422},
	author = {Claire N. Gower and Robert A. Garrott and P. J. White and Steve Cherry and Nigel G. Yoccoz},
	title = {Chapter 19 Elk Group Size and Wolf Predation. A Flexible Strategy when Faced with Variable Risk},
	booktitle = {The Ecology of Large Mammals in Central Yellowstone - Sixteen Years of Integrated Field Studies},
	volume = {3},
	journal = {Terrestrial Ecology}
}