@article{ID55049107731,
	doi = {10.1111/j.1600-0706.2008.16904.x},
	url = {https://doi.org/10.1111%2Fj.1600-0706.2008.16904.x},
	year = 2008,
	month = {oct},
	publisher = {Wiley-Blackwell},
	volume = {117},
	number = {11},
	pages = {1659-1666},
	author = {Helena Rosenlew and Tomas Roslin},
	title = {Habitat fragmentation and the functional efficiency of temperate dung beetles},
	journal = {Oikos}
}