@article{ID56049105429,
	doi = {10.1111/j.1600-048x.2008.04440.x},
	url = {https://doi.org/10.1111%2Fj.1600-048x.2008.04440.x},
	year = 2008,
	month = {nov},
	publisher = {Wiley-Blackwell},
	volume = {39},
	number = {6},
	pages = {691-703},
	author = {Ingunn M. Tombre and Kjell A. H{\o}gda and Jesper Madsen and Larry R. Griffin and Eckhart Kuijken and Paul Shimmings and Eileen Rees and Christine Verscheure},
	title = {The onset of spring and timing of migration in two arctic nesting goose populations: The pink-footed goose Anser bachyrhynchus and the barnacle goose Branta leucopsis},
	journal = {Journal of Avian Biology}
}