@article{ID57049155063,
	doi = {10.1016/j.cbpc.2008.07.015},
	url = {https://doi.org/10.1016%2Fj.cbpc.2008.07.015},
	year = 2009,
	month = {jan},
	publisher = {Elsevier {BV}},
	volume = {149},
	number = {1},
	pages = {97-103},
	author = {Christian Sonne and Hans Wolkers and Frank F. Rig{\'{e}}t and Jens-Erik Beck Jensen and Jenni Teilmann and Bj{\o}rn Munro Jenssen and Eva Fuglei and {\O}ystein Ahlstr{\o}m and Rune Dietz and Derek C. G. Muir and Even H. J{\o}rgensen},
	title = {Mineral density and biomechanical properties of bone tissue from male Arctic foxes (Vulpes lagopus) exposed to organochlorine contaminants and emaciation},
	journal = {Comparative Biochemistry and Physiology Part C: Toxicology {\&} Pharmacology}
}