@article{ID57449093165,
	doi = {10.1021/es801682f},
	url = {https://doi.org/10.1021%2Fes801682f},
	year = 2008,
	month = {dec},
	publisher = {American Chemical Society ({ACS})},
	volume = {42},
	number = {23},
	pages = {8952-8958},
	author = {Heli Routti and Robert J. Letcher and Augustine Arukwe and Bert van Bavel and Nigel G. Yoccoz and Shaogang Chu and Geir W. Gabrielsen},
	title = {Biotransformation of PCBs in relation to phase I and II xenobiotic-metabolizing enzyme activities in ringed seals (Phoca hispida) from Svalbard and the Baltic Sea},
	journal = {Environmental Science {\&} Technology}
}