@article{ID57449103544,
	doi = {10.1016/j.anbehav.2008.08.028},
	url = {https://doi.org/10.1016%2Fj.anbehav.2008.08.028},
	year = 2009,
	month = {jan},
	publisher = {Elsevier {BV}},
	volume = {77},
	number = {1},
	pages = {49-54},
	author = {Jean-Fran{\c{c}}ois Lema{\^{\i}}tre and Thierry Rigaud and St{\'{e}}phane Cornet and Lo√Øc Bollache},
	title = {Sperm depletion, male mating behaviour and reproductive 'time-out' in Gammarus pulex (Crustacea, Amphipoda)},
	journal = {Animal Behaviour}
}