@article{ID57049095870,
	doi = {10.1016/j.envint.2008.08.014},
	url = {https://doi.org/10.1016%2Fj.envint.2008.08.014},
	year = 2009,
	month = {jan},
	publisher = {Elsevier {BV}},
	volume = {35},
	number = {1},
	pages = {107-112},
	author = {N YOCCOZ and J BUSTNES and G BANGJORD and J SKAARE},
	title = {Reproduction and survival of tawny owls in relation to persistent organic pollutants},
	journal = {Environment International}
}