@article{ID57649213549,
	doi = {10.1007/s10336-008-0318-6},
	url = {https://doi.org/10.1007%2Fs10336-008-0318-6},
	year = 2008,
	month = {jun},
	publisher = {Springer Nature},
	volume = {150},
	number = {1},
	pages = {61-73},
	author = {C{\'{e}}line Arzel and Johan Elmberg and Matthieu Guillemain and Michel Lepley and Fabrice Bosca and Pierre Legagneux and Jean-Baptiste Nogues},
	title = {A flyway perspective on food resource abundance in a long-distance migrant, the Eurasian teal (Anas crecca)},
	journal = {Journal of Ornithology}
}