@article{ID57649192830,
	doi = {10.1007/s10336-008-0333-7},
	url = {https://doi.org/10.1007%2Fs10336-008-0333-7},
	year = 2008,
	month = {jul},
	publisher = {Springer Nature},
	volume = {150},
	number = {1},
	pages = {183-193},
	author = {Pierre Legagneux and Christine Blaize and Franck Latraube and J{\'{e}}r{\^{o}}me Gautier and Vincent Bretagnolle},
	title = {Variation in home-range size and movements of wintering dabbling ducks},
	journal = {Journal of Ornithology}
}