@article{ID57549103744,
	doi = {10.1139/b08-094},
	url = {https://doi.org/10.1139%2Fb08-094},
	year = 2008,
	month = {dec},
	publisher = {Canadian Science Publishing},
	volume = {86},
	number = {12},
	pages = {1497-1502},
	author = {C. J. Krebs and Patrick Carrier and S. Boutin and R. Boonstra and Elizabeth Hofer},
	title = {Mushroom crops in relation to weather in the southwestern Yukon},
	journal = {Botany}
}