@article{ID57849142126,
	doi = {10.3354/meps07672},
	url = {https://doi.org/10.3354%2Fmeps07672},
	year = 2008,
	month = {nov},
	publisher = {Inter-Research Science Center},
	volume = {371},
	pages = {73-84},
	author = {O D'Amours and P Archambault and CW McKindsey and LE Johnson},
	title = {Local enhancement of epibenthic macrofauna by aquaculture activities},
	journal = {Marine Ecology Progress Series}
}