@article{ID58849121798,
	doi = {10.1111/j.1365-294x.2008.04049.x},
	url = {https://doi.org/10.1111%2Fj.1365-294x.2008.04049.x},
	year = 2009,
	month = {feb},
	publisher = {Wiley-Blackwell},
	volume = {18},
	number = {4},
	pages = {735-749},
	author = {E. ZEYL and J. AARS and D. EHRICH and {\O}. WIIG},
	title = {Families in space: Relatedness in the Barents Sea population of polar bears (Ursus maritimus)},
	journal = {Molecular Ecology}
}