@article{ID58149398423,
	doi = {10.1657/1523-0430(07-059)[ellis]2.0.co;2},
	url = {https://doi.org/10.1657%2F1523-0430%2807-059%29%5Bellis%5D2.0.co%3B2},
	year = 2008,
	month = {nov},
	publisher = {Institute of Arctic and Alpine Research ({INSTAAR})},
	volume = {40},
	number = {4},
	pages = {624-637},
	author = {Christopher J. Ellis and Line Rochefort and Gilles Gauthier and Reinhard Pienitz},
	title = {Paleoecological evidence for transitions between contrasting landforms in a polygon-patterned high arctic wetland},
	journal = {Arctic, Antarctic, and Alpine Research}
}