@article{ID58349088272,
	doi = {10.1007/s10531-008-9468-3},
	url = {https://doi.org/10.1007%2Fs10531-008-9468-3},
	year = 2008,
	month = {sep},
	publisher = {Springer Nature},
	volume = {18},
	number = {1},
	pages = {219-228},
	author = {Jens-Christian Svenning and Dorthea Harlev and Marianne Moesgaard S{\o}rensen and Henrik Balslev},
	title = {Topographic and spatial controls of palm species distributions in a montane rain forest, southern Ecuador},
	journal = {Biodiversity and Conservation}
}