@article{ID58149098000,
	doi = {10.1111/j.1474-919x.2008.00892.x},
	url = {https://doi.org/10.1111%2Fj.1474-919x.2008.00892.x},
	year = 2009,
	month = {jan},
	publisher = {Wiley-Blackwell},
	volume = {151},
	number = {1},
	pages = {122-133},
	author = {TONY (A. D. ) FOX and NINA E. EIDE and ESPEN BERGERSEN and JESPER MADSEN},
	title = {Resource partitioning in sympatric arctic-breeding geese: Summer habitat use, spatial and dietary overlap of Barnacle and Pink-footed Geese in Svalbard},
	journal = {Ibis}
}