@article{ID58149123369,
	doi = {10.1111/j.1600-0706.2008.16878.x},
	url = {https://doi.org/10.1111%2Fj.1600-0706.2008.16878.x},
	year = 2009,
	month = {jan},
	publisher = {Wiley-Blackwell},
	volume = {118},
	number = {1},
	pages = {87-100},
	author = {Michael W. McCoy and Michael Barfield and Robert D. Holt},
	title = {Predator shadows: Complex life histories as generators of spatially patterned indirect interactions across ecosystems},
	journal = {Oikos}
}