@article{ID58149269331,
	doi = {10.1093/beheco/arn133},
	url = {https://doi.org/10.1093%2Fbeheco%2Farn133},
	year = 2008,
	month = {oct},
	publisher = {Oxford University Press ({OUP})},
	volume = {20},
	number = {1},
	pages = {186-194},
	author = {Pierre Legagneux and Pablo Inchausti and Fran{\c{c}}ois Bourguemestre and Franck Latraube and Vincent Bretagnolle},
	title = {Effect of predation risk, body size, and habitat characteristics on emigration decisions in mallards},
	journal = {Behavioral Ecology}
}