@article{ID58249105833,
	doi = {10.1111/j.1600-048x.2008.04507.x},
	url = {https://doi.org/10.1111%2Fj.1600-048x.2008.04507.x},
	year = 2009,
	month = {jan},
	publisher = {Wiley-Blackwell},
	volume = {40},
	number = {1},
	pages = {75-84},
	author = {Chris B. Thaxter and Francis Daunt and Keith C. Hamer and Yutaka Watanuki and Mike P. Harris and David Gr{\'{e}}millet and Gerrit Peters and Sarah Wanless},
	title = {Sex-specific food provisioning in a monomorphic seabird, the common guillemot Uria aalge: Nest defence, foraging efficiency or parental effort?},
	journal = {Journal of Avian Biology}
}