@article{ID58149128124,
	doi = {10.1098/rspb.2008.1294},
	url = {https://doi.org/10.1098%2Frspb.2008.1294},
	year = 2009,
	month = {feb},
	publisher = {The Royal Society},
	volume = {276},
	number = {1656},
	pages = {499-505},
	author = {E. H Chin and O. P Love and J. J Verspoor and T. D Williams and K. Rowley and G. Burness},
	title = {Juveniles exposed to embryonic corticosterone have enhanced flight performance},
	journal = {Proceedings of the Royal Society B: Biological Sciences}
}