@article{ID58149331834,
	doi = {10.1890/07-1596.1},
	url = {https://doi.org/10.1890%2F07-1596.1},
	year = 2008,
	month = {oct},
	publisher = {Wiley-Blackwell},
	volume = {89},
	number = {10},
	pages = {2879-2888},
	author = {Dominique Gravel and Marilou Beaudet and Christian Messier},
	title = {Partitioning the factors of spatial variation in regeneration density of shade-tolerant tree species},
	journal = {Ecology}
}