@article{ID58849160016,
	doi = {10.1111/j.1558-5646.2008.00542.x},
	url = {https://doi.org/10.1111%2Fj.1558-5646.2008.00542.x},
	year = 2009,
	month = {feb},
	publisher = {Wiley-Blackwell},
	volume = {63},
	number = {2},
	pages = {403-417},
	author = {Anne Da Silva and Jean-Michel Gaillard and Nigel G. Yoccoz and A. J. Mark Hewison and Max Galan and Tim Coulson and Dominique Allain{\'{e}} and Laurence Vial and Daniel Delorme and Guy Van Laere and Fran{\c{c}}ois Klein and Gordon Luikart},
	title = {Heterozygosity-fitness correlations revealed by neutral and candidate gene markers in roe deer from a long-term study},
	journal = {Evolution}
}