@article{ID58949093111,
	doi = {10.1890/07-1201.1},
	url = {https://doi.org/10.1890%2F07-1201.1},
	year = 2008,
	month = {nov},
	publisher = {Wiley-Blackwell},
	volume = {89},
	number = {sp11},
	pages = {S66-S80},
	author = {Jon D. Witman and Mathieu Cusson and Philippe Archambault and Andrew J. Pershing and Nova Mieszkowska},
	title = {The relation between productivity and species diversity in temperate-arctic marine ecosystems},
	journal = {Ecology}
}