@article{ID58849093157,
	doi = {10.1111/j.1365-294x.2008.04067.x},
	url = {https://doi.org/10.1111%2Fj.1365-294x.2008.04067.x},
	year = 2009,
	month = {feb},
	publisher = {Wiley-Blackwell},
	volume = {18},
	number = {4},
	pages = {593-602},
	author = {NICOLAS LECOMTE and GILLES GAUTHIER and JEAN-FRAN{\c{C}}OIS GIROUX and EMMANUEL MILOT and LOUIS BERNATCHEZ},
	title = {Tug of war between continental gene flow and rearing site philopatry in a migratory bird: The sex-biased dispersal paradigm reconsidered},
	journal = {Molecular Ecology}
}