@article{ID58549087610,
	doi = {10.1676/07-144.1},
	url = {https://doi.org/10.1676%2F07-144.1},
	year = 2008,
	month = {dec},
	publisher = {Wilson Ornithological Society},
	volume = {120},
	number = {4},
	pages = {732-742},
	author = {H{\'{e}}l{\`{e}}ne S{\'{e}}n{\'{e}}chal and Gilles Gauthier and Jean-Pierre L. Savard},
	title = {Nesting ecology of common goldeneyes and hooded mergansers in a boreal river system},
	journal = {The Wilson Journal of Ornithology}
}