@article{ID58149216555,
	doi = {10.1093/beheco/arn128},
	url = {https://doi.org/10.1093%2Fbeheco%2Farn128},
	year = 2008,
	month = {oct},
	publisher = {Oxford University Press ({OUP})},
	volume = {20},
	number = {1},
	pages = {160-164},
	author = {Marie-Jos{\'{e}} Naud and Janelle M. R. Curtis and Lucy C. Woodall and Miguel B. Gaspar},
	title = {Mate choice, operational sex ratio, and social promiscuity in a wild population of the long-snouted seahorse Hippocampus guttulatus},
	journal = {Behavioral Ecology}
}