@article{ID58849099644,
	doi = {10.1071/wr08004},
	url = {https://doi.org/10.1071%2Fwr08004},
	year = 2009,
	publisher = {{CSIRO} Publishing},
	volume = {36},
	number = {1},
	pages = {1},
	author = {Charles J. Krebs},
	title = {Population dynamics of large and small mammals: Graeme Caughley's grand vision},
	journal = {Wildlife Research}
}