@article{ID59849123741,
	doi = {10.1007/s11258-008-9557-0},
	url = {https://doi.org/10.1007%2Fs11258-008-9557-0},
	year = 2008,
	month = {dec},
	publisher = {Springer Nature},
	volume = {201},
	number = {1},
	pages = {221-234},
	author = {Jens-Christian Svenning and Karen H. Baktoft and Henrik Balslev},
	title = {Land-use history affects understorey plant species distributions in a large temperate-forest complex, Denmark},
	journal = {Plant Ecology}
}