@article{ID60949097060,
	doi = {10.3354/meps07725},
	url = {https://doi.org/10.3354%2Fmeps07725},
	year = 2009,
	month = {jan},
	publisher = {Inter-Research Science Center},
	volume = {375},
	pages = {247-261},
	author = {C Freitas and KM Kovacs and RA Ims and MA Fedak and C Lydersen},
	title = {Deep into the ice: Over-wintering and habitat selection in male Atlantic walruses},
	journal = {Marine Ecology Progress Series}
}