@article{ID60349105417,
	doi = {10.1186/1472-6785-9-2},
	url = {https://doi.org/10.1186%2F1472-6785-9-2},
	year = 2009,
	publisher = {Springer Nature},
	volume = {9},
	number = {1},
	pages = {2},
	author = {Niels M Schmidt and Henrik Olsen and Herwig Leirs},
	title = {Livestock grazing intensity affects abundance of Common shrews (Sorex araneus) in two meadows in Denmark},
	journal = {{BMC} Ecology}
}