@article{ID60049084398,
	doi = {10.1098/rspb.2008.1401},
	url = {https://doi.org/10.1098%2Frspb.2008.1401},
	year = 2009,
	month = {mar},
	publisher = {The Royal Society},
	volume = {276},
	number = {1659},
	pages = {1129-1135},
	author = {S. Descamps and S. Boutin and A. G McAdam and D. Berteaux and J.-M. Gaillard},
	title = {Survival costs of reproduction vary with age in North American red squirrels},
	journal = {Proceedings of the Royal Society B: Biological Sciences}
}