@article{ID60249085852,
	doi = {10.1890/08-0162.1},
	url = {https://doi.org/10.1890%2F08-0162.1},
	year = 2008,
	month = {dec},
	publisher = {Wiley-Blackwell},
	volume = {89},
	number = {12},
	pages = {3336-3348},
	author = {Fr{\'{e}}d{\'{e}}ric Barraquand and Simon Benhamou},
	title = {Animal movements in heterogeneous landscapes: Identifying profitable places and homogeneous movement bouts},
	journal = {Ecology}
}