@article{ID60349106702,
	doi = {10.1111/j.1466-8238.2008.00439.x},
	url = {https://doi.org/10.1111%2Fj.1466-8238.2008.00439.x},
	year = 2009,
	month = {mar},
	publisher = {Wiley-Blackwell},
	volume = {18},
	number = {2},
	pages = {223-239},
	author = {Inger Greve Alsos and Torbj{\o}rn Alm and Signe Normand and Christian Brochmann},
	title = {Past and future range shifts and loss of diversity in dwarf willow (Salix herbacea L.) inferred from genetics, fossils and modelling},
	journal = {Global Ecology and Biogeography}
}