@article{ID61349172454,
	doi = {10.1016/j.aquaculture.2008.12.001},
	url = {https://doi.org/10.1016%2Fj.aquaculture.2008.12.001},
	year = 2009,
	month = {mar},
	publisher = {Elsevier {BV}},
	volume = {288},
	number = {3-4},
	pages = {239-253},
	author = {Andrea M. Weise and Chris J. Cromey and Myriam D. Callier and Philippe Archambault and Jon Chamberlain and Christopher W. McKindsey},
	title = {Shellfish-DEPOMOD: Modelling the biodeposition from suspended shellfish aquaculture and assessing benthic effects},
	journal = {Aquaculture}
}