@article{ID62849124709,
	doi = {10.1186/1471-2105-10-33},
	url = {https://doi.org/10.1186%2F1471-2105-10-33},
	year = 2009,
	publisher = {Springer Nature},
	volume = {10},
	number = {1},
	pages = {33},
	author = {Nils Arrigo and Jarek W Tuszynski and Dorothee Ehrich and Tommy Gerdes and Nadir Alvarez},
	title = {Evaluating the impact of scoring parameters on the structure of intra-specific genetic variation using RawGeno, an R package for automating AFLP scoring},
	journal = {{BMC} Bioinformatics}
}