@article{ID62549087456,
	doi = {10.1086/596512},
	url = {https://doi.org/10.1086%2F596512},
	year = 2009,
	month = {mar},
	publisher = {University of Chicago Press},
	volume = {82},
	number = {2},
	pages = {129-142},
	author = {Fran{\c{c}}ois V{\'{e}}zina and Anna Gustowska and Kirsten~M. Jalvingh and Olivier Chastel and Theunis Piersma},
	title = {Hormonal correlates and thermoregulatory consequences of molting on metabolic rate in a northerly wintering shorebird},
	journal = {Physiological and Biochemical Zoology}
}