@article{ID62449174145,
	doi = {10.1111/j.1365-2435.2008.01488.x},
	url = {https://doi.org/10.1111%2Fj.1365-2435.2008.01488.x},
	year = 2009,
	month = {apr},
	publisher = {Wiley-Blackwell},
	volume = {23},
	number = {2},
	pages = {348-358},
	author = {Ann M. A. Harding and Alexander S. Kitaysky and Margaret E. Hall and Jorg Welcker and Nina J. Karnovsky and Sandra L. Talbot and Keith C. Hamer and David Gr{\'{e}}millet},
	title = {Flexibility in the parental effort of an Arctic-breeding seabird},
	journal = {Functional Ecology}
}