@article{ID62949228455,
	doi = {10.1007/s00360-008-0314-4},
	url = {https://doi.org/10.1007%2Fs00360-008-0314-4},
	year = 2008,
	month = {nov},
	publisher = {Springer Nature},
	volume = {179},
	number = {3},
	pages = {305-313},
	author = {Michael J. Sheriff and Curtis O. Bosson and Charles J. Krebs and Rudy Boonstra},
	title = {A non-invasive technique for analyzing fecal cortisol metabolites in snowshoe hares (Lepus americanus)},
	journal = {Journal of Comparative Physiology B}
}