@article{ID62949165469,
	doi = {10.1007/s00300-008-0547-4},
	url = {https://doi.org/10.1007%2Fs00300-008-0547-4},
	year = 2008,
	month = {nov},
	publisher = {Springer Nature},
	volume = {32},
	number = {4},
	pages = {529-538},
	author = {Mark L. Mallory and Anthony J. Gaston and Mark R. Forbes and H. Grant Gilchrist},
	title = {Influence of weather on reproductive success of northern fulmars in the Canadian high Arctic},
	journal = {Polar Biology}
}