@article{ID62249209482,
	doi = {10.1111/j.1461-0248.2009.01291.x},
	url = {https://doi.org/10.1111%2Fj.1461-0248.2009.01291.x},
	year = 2009,
	month = {apr},
	publisher = {Wiley-Blackwell},
	volume = {12},
	number = {4},
	pages = {324-333},
	author = {Robert R. Dunn and Donat Agosti and Alan N. Andersen and Xavier Arnan and Carsten A. Bruhl and Xim Cerd{\'{a}} and Aaron M. Ellison and Brian L. Fisher and Matthew C. Fitzpatrick and Heloise Gibb and Nicholas J. Gotelli and Aaron D. Gove and Benoit Guenard and Milan Janda and Michael Kaspari and Edward J. Laurent and Jean-Philippe Lessard and John T. Longino and Jonathan D. Majer and Sean B. Menke and Terrence P. McGlynn and Catherine L. Parr and Stacy M. Philpott and Martin Pfeiffer and Javier Retana and Andrew V. Suarez and Heraldo L. Vasconcelos and Michael D. Weiser and Nathan J. Sanders},
	title = {Climatic drivers of hemispheric asymmetry in global patterns of ant species richness},
	journal = {Ecology Letters}
}