@article{ID63849239768,
	doi = {10.1111/j.1365-2656.2009.01524.x},
	url = {https://doi.org/10.1111%2Fj.1365-2656.2009.01524.x},
	year = 2009,
	month = {may},
	publisher = {Wiley-Blackwell},
	volume = {78},
	number = {3},
	pages = {656-665},
	author = {Richard Bischof and Jon E. Swenson and Nigel G. Yoccoz and Atle Mysterud and Olivier Gimenez},
	title = {The magnitude and selectivity of natural and multiple anthropogenic mortality causes in hunted brown bears},
	journal = {Journal of Animal Ecology}
}