@article{ID6344246457,
	doi = {10.1017/s0952836904005643},
	url = {https://doi.org/10.1017%2Fs0952836904005643},
	year = 2004,
	month = {oct},
	publisher = {Wiley-Blackwell},
	volume = {264},
	number = {2},
	pages = {135-141},
	author = {L. Bollache and F. C{\'{e}}zilly},
	title = {Sexual selection on male body size and assortative pairing in Gammarus pulex (Crustacea: Amphipoda): field surveys and laboratory experiments},
	journal = {Journal of Zoology}
}