@article{ID63449107252,
	doi = {10.1890/07-1954.1},
	url = {https://doi.org/10.1890%2F07-1954.1},
	year = 2009,
	month = {jan},
	publisher = {Wiley-Blackwell},
	volume = {19},
	number = {1},
	pages = {95-109},
	author = {Ricardo M. Holdo and Robert D. Holt and John M. Fryxell},
	title = {Grazers, browsers, and fire influence the extent and spatial pattern of tree cover in the Serengeti},
	journal = {Ecological Applications}
}