@article{ID63449089202,
	doi = {10.1086/597229},
	url = {https://doi.org/10.1086%2F597229},
	year = 2009,
	month = {apr},
	publisher = {University of Chicago Press},
	volume = {173},
	number = {4},
	pages = {431-445},
	author = {Ricardo~M. Holdo and Robert~D. Holt and John~M. Fryxell},
	title = {Opposing rainfall and plant nutritional gradients best explain the wildebeest migration in the serengeti},
	journal = {The American Naturalist}
}