@article{ID63849265530,
	doi = {10.1111/j.1600-0587.2009.06024.x},
	url = {https://doi.org/10.1111%2Fj.1600-0587.2009.06024.x},
	year = 2009,
	month = {apr},
	publisher = {Wiley-Blackwell},
	volume = {32},
	number = {1},
	pages = {3-4},
	author = {Jens-Christian Svenning and Jeremy Kerr and Carsten Rahbek},
	title = {Predicting future shifts in species diversity},
	journal = {Ecography}
}