@article{ID63849239601,
	doi = {10.1186/1751-0147-51-9},
	url = {https://doi.org/10.1186%2F1751-0147-51-9},
	year = 2009,
	publisher = {Springer Nature},
	volume = {51},
	number = {1},
	pages = {9},
	author = {Carlos G Das Neves and Matthieu Roger and Nigel G Yoccoz and Espen Rimstad and Morten Tryland},
	title = {Evaluation of three commercial bovine ELISA kits for detection of antibodies against Alphaherpesviruses in reindeer (Rangifer tarandus tarandus)},
	journal = {Acta Veterinaria Scandinavica}
}