@article{ID63849343627,
	doi = {10.1890/08-0215.1},
	url = {https://doi.org/10.1890%2F08-0215.1},
	year = 2009,
	month = {feb},
	publisher = {Wiley-Blackwell},
	volume = {90},
	number = {2},
	pages = {465-475},
	author = {Nicolas Lecomte and Gilles Gauthier and Jean-Fran{\c{c}}ois Giroux},
	title = {A link between water availability and nesting success mediated by predator^prey interactions in the Arctic},
	journal = {Ecology}
}