@article{ID63849202961,
	doi = {10.1111/j.1365-2656.2008.01510.x},
	url = {https://doi.org/10.1111%2Fj.1365-2656.2008.01510.x},
	year = 2009,
	month = {may},
	publisher = {Wiley-Blackwell},
	volume = {78},
	number = {3},
	pages = {636-645},
	author = {John-Andr{\'{e}} Henden and Rolf A. Ims and Nigel G. Yoccoz},
	title = {Nonstationary spatio-temporal small rodent dynamics: Evidence from long-term Norwegian fox bounty data},
	journal = {Journal of Animal Ecology}
}