@article{ID63849199652,
	doi = {10.1890/0012-9658-90.1.292},
	url = {https://doi.org/10.1890%2F0012-9658-90.1.292},
	year = 2009,
	month = {jan},
	publisher = {Wiley-Blackwell},
	volume = {90},
	number = {1},
	pages = {292-292},
	title = {Erratum: Nonlinear effects of climate and density in the dynamics of a fluctuating population of reindeer (Ecology (2008) (1675-1686))},
	journal = {Ecology}
}