@article{ID63049117676,
	doi = {10.1525/auk.2008.06217},
	url = {https://doi.org/10.1525%2Fauk.2008.06217},
	year = 2008,
	month = {apr},
	publisher = {University of California Press},
	volume = {125},
	number = {2},
	pages = {285-290},
	author = {JEROEN RENEERKENS and MAAIKE A. VERSTEEGH and AMY M. SCHNEIDER},
	editor = {THEUNIS PIERSMA and EDWARD H. BURTT},
	title = {Seasonally changing preen-wax composition: Red knots' (Calidris canutus) flexible defense against feather-degrading bacteria?},
	journal = {The Auk}
}