@article{ID63849324192,
	doi = {10.1242/jeb.026815},
	url = {https://doi.org/10.1242%2Fjeb.026815},
	year = 2009,
	month = {mar},
	publisher = {The Company of Biologists},
	volume = {212},
	number = {8},
	pages = {1101-1105},
	author = {T. D. Williams and F. Vezina and J. R. Speakman},
	title = {Individually variable energy management during egg production is repeatable across breeding attempts},
	journal = {Journal of Experimental Biology}
}