@article{ID63849305132,
	doi = {10.1111/j.1365-2656.2008.01514.x},
	url = {https://doi.org/10.1111%2Fj.1365-2656.2008.01514.x},
	year = 2009,
	month = {may},
	publisher = {Wiley-Blackwell},
	volume = {78},
	number = {3},
	pages = {595-599},
	author = {Atle Mysterud and Nigel G. Yoccoz and Rolf Langvatn},
	title = {Maturation trends in red deer females over 39 years in harvested populations},
	journal = {Journal of Animal Ecology}
}