@article{ID63849158619,
	doi = {10.1111/j.1600-0587.2008.05732.x},
	url = {https://doi.org/10.1111%2Fj.1600-0587.2008.05732.x},
	year = 2009,
	month = {apr},
	publisher = {Wiley-Blackwell},
	volume = {32},
	number = {1},
	pages = {13-21},
	author = {Jens-Christian Svenning and Signe Normand and Flemming Skov},
	title = {Plio-Pleistocene climate change and geographic heterogeneity in plant diversity-environment relationships},
	journal = {Ecography}
}