@article{ID63849111809,
	doi = {10.1111/j.1365-2656.2008.01515.x},
	url = {https://doi.org/10.1111%2Fj.1365-2656.2008.01515.x},
	year = 2009,
	month = {may},
	publisher = {Wiley-Blackwell},
	volume = {78},
	number = {3},
	pages = {600-607},
	author = {Rolf R{\o}dven and Inkeri Männikkö and Rolf A. Ims and Nigel G. Yoccoz and Ivar Folstad},
	title = {Parasite intensity and fur coloration in reindeer calves - Contrasting artificial and natural selection},
	journal = {Journal of Animal Ecology}
}