@article{ID64749094086,
	doi = {10.1016/j.anbehav.2009.01.029},
	url = {https://doi.org/10.1016%2Fj.anbehav.2009.01.029},
	year = 2009,
	month = {may},
	publisher = {Elsevier {BV}},
	volume = {77},
	number = {5},
	pages = {1235-1241},
	author = {Vincent M{\'{e}}doc and Thierry Rigaud and Loic Bollache and Jean-Nicolas Beisel},
	title = {A manipulative parasite increasing an antipredator response decreases its vulnerability to a nonhost predator},
	journal = {Animal Behaviour}
}