@article{ID65949091175,
	doi = {10.1111/j.1365-2699.2009.02089.x},
	url = {https://doi.org/10.1111%2Fj.1365-2699.2009.02089.x},
	year = 2009,
	month = {jun},
	publisher = {Wiley-Blackwell},
	volume = {36},
	number = {6},
	pages = {1152-1163},
	author = {Camilla Fl{\o}jgaard and Signe Normand and Flemming Skov and Jens-Christian Svenning},
	title = {Ice age distributions of European small mammals: Insights from species distribution modelling},
	journal = {Journal of Biogeography}
}