@article{ID65249164081,
	doi = {10.1111/j.1095-8312.2009.01172.x},
	url = {https://doi.org/10.1111%2Fj.1095-8312.2009.01172.x},
	year = 2009,
	month = {apr},
	publisher = {Oxford University Press ({OUP})},
	volume = {97},
	number = {1},
	pages = {18-26},
	author = {KARIN NOR{\'{E}}N and ANDERS ANGERBJÃ–RN and P{\'{A}}LL HERSTEINSSON},
	title = {Population structure in an isolated Arctic fox, Vulpes lagopus, population: The impact of geographical barriers},
	journal = {Biological Journal of the Linnean Society}
}