@article{ID65649101947,
	doi = {10.1098/rspb.2008.1536},
	url = {https://doi.org/10.1098%2Frspb.2008.1536},
	year = 2009,
	month = {feb},
	publisher = {The Royal Society},
	volume = {276},
	number = {1661},
	pages = {1435-1442},
	author = {R. D Holt and M. Barfield},
	title = {Trophic interactions and range limits: The diverse roles of predation},
	journal = {Proceedings of the Royal Society B: Biological Sciences}
}