@article{ID65249155318,
	doi = {10.1890/08-0420.1},
	url = {https://doi.org/10.1890%2F08-0420.1},
	year = 2009,
	month = {may},
	publisher = {Wiley-Blackwell},
	volume = {90},
	number = {5},
	pages = {1366-1377},
	author = {Urs A. Treier and Olivier Broennimann and Signe Normand and Antoine Guisan and Urs Schaffner and Thomas Steinger and Heinz Müller-Schärer},
	title = {Shift in cytotype frequency and niche space in the invasive plant Centaurea maculosa},
	journal = {Ecology}
}