@article{ID65349155154,
	doi = {10.1098/rsbl.2008.0704},
	url = {https://doi.org/10.1098%2Frsbl.2008.0704},
	year = 2009,
	month = {feb},
	publisher = {The Royal Society},
	volume = {5},
	number = {2},
	pages = {278-281},
	author = {S. Descamps and H. G. Gilchrist and J. Bety and E. I. Buttler and M. R Forbes},
	title = {Costs of reproduction in a long-lived bird: Large clutch size is associated with low survival in the presence of a highly virulent disease},
	journal = {Biology Letters}
}