@article{ID65549107355,
	doi = {10.1111/j.1751-8369.2008.00090.x},
	url = {https://doi.org/10.1111%2Fj.1751-8369.2008.00090.x},
	year = 2009,
	month = {jan},
	publisher = {Informa {UK} Limited},
	volume = {28},
	number = {2},
	pages = {246-253},
	author = {Fredrik Dalerum and Kyran Kunkel and Anders Angerbj√∂rn and Brad S. Shults},
	title = {Diet of wolverines (Gulo gulo) in the western Brooks Range, Alaska},
	journal = {Polar Research}
}