@article{ID65549157944,
	doi = {10.1111/j.1365-2486.2008.01766.x},
	url = {https://doi.org/10.1111%2Fj.1365-2486.2008.01766.x},
	year = 2009,
	month = {jun},
	publisher = {Wiley-Blackwell},
	volume = {15},
	number = {6},
	pages = {1557-1569},
	author = {CHRISTOPHE F. RANDIN and ROBIN ENGLER and SIGNE NORMAND and MASSIMILIANO ZAPPA and NIKLAUS E. ZIMMERMANN and PETER B. PEARMAN and PASCAL VITTOZ and WILFRIED THUILLER and ANTOINE GUISAN},
	title = {Climate change and plant distribution: Local models predict high-elevation persistence},
	journal = {Global Change Biology}
}