@article{ID66749085068,
	doi = {10.1111/j.1365-2656.2009.01549.x},
	url = {https://doi.org/10.1111%2Fj.1365-2656.2009.01549.x},
	year = 2009,
	month = {jul},
	publisher = {Wiley-Blackwell},
	volume = {78},
	number = {4},
	pages = {880-889},
	author = {K. C. Hamer and E. M. Humphreys and M. C. Magalh{\~{a}}es and S. Garthe and J. Hennicke and G. Peters and D. Gr{\'{e}}millet and H. Skov and S. Wanless},
	title = {Fine-scale foraging behaviour of a medium-ranging marine predator},
	journal = {Journal of Animal Ecology}
}