@inproceedings{ID66549097730,
	doi = {10.1109/igarss.2008.4779202},
	url = {https://doi.org/10.1109%2Figarss.2008.4779202},
	year = 2008,
	publisher = {{IEEE}},
	author = {Antoine Collin and Bernard Long and Phillippe Archambault},
	title = {The use of the shoals waveforms to mapping habitat within the seamless benthoscape},
	booktitle = {{IGARSS} 2008 - 2008 {IEEE} International Geoscience and Remote Sensing Symposium},
	volume = {2},
	number = {1},
	journal = {International Geoscience and Remote Sensing Symposium (IGARSS)}
}