@article{ID66149160269,
	doi = {10.1111/j.1557-9263.2009.00215.x},
	url = {https://doi.org/10.1111%2Fj.1557-9263.2009.00215.x},
	year = 2009,
	month = {jun},
	publisher = {Wiley-Blackwell},
	volume = {80},
	number = {2},
	pages = {135-145},
	author = {Anthony J. Gaston and S{\'{e}}bastien Descamps and H. Grant Gilchrist},
	title = {Reproduction and survival of glaucous gulls breeding in an arctic seabird colony},
	journal = {Journal of Field Ornithology}
}