@article{ID66149153472,
	doi = {10.1073/pnas.0813294106},
	url = {https://doi.org/10.1073%2Fpnas.0813294106},
	year = 2009,
	month = {apr},
	publisher = {Proceedings of the National Academy of Sciences},
	volume = {106},
	number = {16},
	pages = {E45-E46},
	author = {M. B. Araujo and W. Thuiller and N. G. Yoccoz},
	title = {Reopening the climate envelope reveals macroscale associations with climate in European birds},
	journal = {Proceedings of the National Academy of Sciences}
}