@article{ID66749167061,
	doi = {10.1111/j.1365-2486.2009.01927.x},
	url = {https://doi.org/10.1111%2Fj.1365-2486.2009.01927.x},
	year = 2009,
	month = {nov},
	publisher = {Wiley-Blackwell},
	volume = {15},
	number = {11},
	pages = {2634-2652},
	author = {OLIVIER GILG and BENOIT SITTLER and ILKKA HANSKI},
	title = {Climate change and cyclic predator-prey population dynamics in the high Arctic},
	journal = {Global Change Biology}
}