@article{ID66949166015,
	doi = {10.1111/j.1466-8238.2009.00451.x},
	url = {https://doi.org/10.1111%2Fj.1466-8238.2009.00451.x},
	year = 2009,
	month = {jul},
	publisher = {Wiley-Blackwell},
	volume = {18},
	number = {4},
	pages = {437-449},
	author = {Signe Normand and Urs A. Treier and Christophe Randin and Pascal Vittoz and Antoine Guisan and Jens-Christian Svenning},
	title = {Importance of abiotic stress as a range-limit determinant for European plants: Insights from species responses to climatic gradients},
	journal = {Global Ecology and Biogeography}
}