@article{ID66749179868,
	doi = {10.1111/j.1600-0706.2008.17397.x},
	url = {https://doi.org/10.1111%2Fj.1600-0706.2008.17397.x},
	year = 2009,
	month = {jun},
	publisher = {Wiley-Blackwell},
	volume = {118},
	number = {6},
	pages = {809-818},
	author = {Ayco J. M. Tack and Otso Ovaskainen and Philip J. Harrison and Tomas Roslin},
	title = {Competition as a structuring force in leaf miner communities},
	journal = {Oikos}
}