@article{ID66749103758,
	doi = {10.1371/journal.pone.0005794},
	url = {https://doi.org/10.1371%2Fjournal.pone.0005794},
	year = 2009,
	month = {jun},
	publisher = {Public Library of Science ({PLoS})},
	volume = {4},
	number = {6},
	pages = {e5794},
	author = {Gregory E. Glass and Lynne C. Gardner-Santana and Robert D. Holt and Jessica Chen and Timothy M. Shields and Manojit Roy and Stephen Schachterle and Sabra L. Klein},
	editor = {Stewart Plaistow},
	title = {Trophic garnishes: Cat-rat interactions in an urban environment},
	journal = {{PLoS} {ONE}}
}