@article{ID66149122704,
	doi = {10.1093/beheco/arp032},
	url = {https://doi.org/10.1093%2Fbeheco%2Farp032},
	year = 2009,
	publisher = {Oxford University Press ({OUP})},
	volume = {20},
	number = {3},
	pages = {560-569},
	author = {Olivier Duriez and Silke Bauer and Anne Destin and Jesper Madsen and Bart A. Nolet and Richard A. Stillman and Marcel Klaassen},
	title = {What decision rules might pink-footed geese use to depart on migration? An individual-based model},
	journal = {Behavioral Ecology}
}