@article{ID67651124810,
	doi = {10.1016/j.rse.2009.05.006},
	url = {https://doi.org/10.1016%2Fj.rse.2009.05.006},
	year = 2009,
	month = {sep},
	publisher = {Elsevier {BV}},
	volume = {113},
	number = {9},
	pages = {1939-1947},
	author = {J. U. Jepsen and S. B. Hagen and K. A. H{\o}gda and R. A. Ims and S. R. Karlsen and H. T{\o}mmervik and N. G. Yoccoz},
	title = {Monitoring the spatio-temporal dynamics of geometrid moth outbreaks in birch forest using MODIS-NDVI data},
	journal = {Remote Sensing of Environment}
}