@article{ID67651093973,
	doi = {10.1093/beheco/arp076},
	url = {https://doi.org/10.1093%2Fbeheco%2Farp076},
	year = 2009,
	publisher = {Oxford University Press ({OUP})},
	volume = {20},
	number = {4},
	pages = {878-883},
	author = {Michaël Beaulieu and Anne-Mathilde Thierry and Thierry Raclot and Yvon Le Maho and Yan Ropert-Coudert and H{\'{e}}l{\`{e}}ne Gachot-Neveu and Andr{\'{e}} Ancel},
	title = {Sex-specific parental strategies according to the sex of offspring in the Adélie penguin},
	journal = {Behavioral Ecology}
}