@article{ID67650035433,
	doi = {10.1071/wrv36n4_ed},
	url = {https://doi.org/10.1071%2Fwrv36n4_ed},
	year = 2009,
	publisher = {{CSIRO} Publishing},
	volume = {36},
	number = {4},
	pages = {275},
	author = {Piran C. L. White and Andrea C. Taylor and Stan Boutin and Camilla Myers and Charles J. Krebs},
	title = {Wildlife Research in a changing world},
	journal = {Wildlife Research}
}