@article{ID67349163276,
	doi = {10.1007/s00300-009-0581-x},
	url = {https://doi.org/10.1007%2Fs00300-009-0581-x},
	year = 2009,
	month = {feb},
	publisher = {Springer Nature},
	volume = {32},
	number = {5},
	pages = {785-796},
	author = {Ann Marie Aglionby Harding and Carsten Egevang and Wojciech Walkusz and Flemming Merkel and St{\'{e}}phane Blanc and David Gr{\'{e}}millet},
	title = {Estimating prey capture rates of a planktivorous seabird, the little auk (Alle alle), using diet, diving behaviour, and energy consumption},
	journal = {Polar Biology}
}