@article{ID67649703980,
	doi = {10.1016/j.ygcen.2008.10.001},
	url = {https://doi.org/10.1016%2Fj.ygcen.2008.10.001},
	year = 2009,
	month = {sep},
	publisher = {Elsevier {BV}},
	volume = {163},
	number = {1-2},
	pages = {169-174},
	author = {O. P. Love and H. G. Gilchrist and J. B{\^{e}}ty and K. E. Wynne-Edwards and L. Berzins and T. D. Williams},
	title = {Using life-histories to predict and interpret variability in yolk hormones},
	journal = {General and Comparative Endocrinology}
}