@article{ID67049167162,
	doi = {10.1186/1472-6785-9-10},
	url = {https://doi.org/10.1186%2F1472-6785-9-10},
	year = 2009,
	publisher = {Springer Nature},
	volume = {9},
	number = {1},
	pages = {10},
	author = {Ditte K Hendrichsen and Chris J Topping and Mads C Forchhammer},
	title = {Predation and fragmentation portrayed in the statistical structure of prey time series},
	journal = {{BMC} Ecology}
}