@article{ID67649967594,
	doi = {10.1007/s10336-009-0386-2},
	url = {https://doi.org/10.1007%2Fs10336-009-0386-2},
	year = 2009,
	month = {feb},
	publisher = {Springer Nature},
	volume = {150},
	number = {3},
	pages = {637-643},
	author = {Michaël Beaulieu and Anne-Mathilde Thierry and Yvon Le Maho and Yan Ropert-Coudert and Andr{\'{e}} Ancel},
	title = {Alloparental feeding in Adélie penguins: Why is it uncommon?},
	journal = {Journal of Ornithology}
}