@article{ID67349215786,
	doi = {10.1016/j.jnc.2008.12.003},
	url = {https://doi.org/10.1016%2Fj.jnc.2008.12.003},
	year = 2009,
	month = {may},
	publisher = {Elsevier {BV}},
	volume = {17},
	number = {2},
	pages = {72-86},
	author = {Jesper Bladt and Niels Strange and Jens Abildtrup and Jens-Christian Svenning and Flemming Skov},
	title = {Conservation efficiency of geopolitical coordination in the EU},
	journal = {Journal for Nature Conservation}
}