@article{ID67149084353,
	doi = {10.1086/597548},
	url = {https://doi.org/10.1086%2F597548},
	year = 2009,
	month = {may},
	publisher = {University of Chicago Press},
	volume = {82},
	number = {3},
	pages = {248-257},
	author = {Fran{\c{c}}ois V{\'{e}}zina and Oliver~P. Love and Mylaine Lessard and Tony~D. Williams},
	title = {Shifts in metabolic demands in growing altricial nestlings illustrate context-specific relationships between basal metabolic rate and body composition},
	journal = {Physiological and Biochemical Zoology}
}