@article{ID67349136746,
	doi = {10.1038/hdy.2009.19},
	url = {https://doi.org/10.1038%2Fhdy.2009.19},
	year = 2009,
	month = {feb},
	publisher = {Springer Nature},
	volume = {102},
	number = {6},
	pages = {616-625},
	author = {G Yannic and P Basset and J Hausser},
	title = {Chromosomal rearrangements and gene flow over time in an inter-specific hybrid zone of the Sorex araneus group},
	journal = {Heredity}
}