@article{ID67651061571,
	doi = {10.1242/jeb.032300},
	url = {https://doi.org/10.1242%2Fjeb.032300},
	year = 2009,
	month = {jul},
	publisher = {The Company of Biologists},
	volume = {212},
	number = {15},
	pages = {2483-2490},
	author = {J. Fort and W. P. Porter and D. Gremillet},
	title = {Thermodynamic modelling predicts energetic bottleneck for seabirds wintering in the northwest Atlantic},
	journal = {Journal of Experimental Biology}
}