@article{ID67749097713,
	doi = {10.1098/rsbl.2009.0169},
	url = {https://doi.org/10.1098%2Frsbl.2009.0169},
	year = 2009,
	month = {may},
	publisher = {The Royal Society},
	volume = {5},
	number = {4},
	pages = {542-544},
	author = {T. T. Hoye and J. U. Hammel and T. Fuchs and S. Toft},
	title = {Climate change and sexual size dimorphism in an Arctic spider},
	journal = {Biology Letters}
}