@article{ID67349250340,
	doi = {10.1016/j.actao.2009.05.001},
	url = {https://doi.org/10.1016%2Fj.actao.2009.05.001},
	year = 2009,
	month = {jul},
	publisher = {Elsevier {BV}},
	volume = {35},
	number = {4},
	pages = {554-562},
	author = {Thea Kristiansen and Jens-Christian Svenning and C{\'{e}}sar Gr{\'{a}}ndez and Jukka Salo and Henrik Balslev},
	title = {Commonness of Amazonian palm (Arecaceae) species: Cross-scale links and potential determinants},
	journal = {Acta Oecologica}
}