@article{ID67749114820,
	doi = {10.1111/j.1600-048x.2008.04592.x},
	url = {https://doi.org/10.1111%2Fj.1600-048x.2008.04592.x},
	year = 2009,
	month = {jul},
	publisher = {Wiley-Blackwell},
	volume = {40},
	number = {4},
	pages = {380-387},
	author = {Yan Ropert-Coudert and Francis Daunt and Akiko Kato and Peter G. Ryan and Sue Lewis and Kaori Kobayashi and Yoshihisa Mori and David Gr{\'{e}}millet and Sarah Wanless},
	title = {Underwater wingbeats extend depth and duration of plunge dives in northern gannets morus bassanus},
	journal = {Journal of Avian Biology}
}