@article{ID67650230556,
	doi = {10.1525/cond.2009.080077},
	url = {https://doi.org/10.1525%2Fcond.2009.080077},
	year = 2009,
	month = {feb},
	publisher = {Cooper Ornithological Society},
	volume = {111},
	number = {1},
	pages = {111-119},
	author = {Anthony J. Gaston and H. Grant Gilchrist and Mark L. Mallory and Paul A. Smith},
	title = {Changes in seasonal events, peak food availability, and consequent breeding adjustment in a marine bird: A case of progressive mismatching},
	journal = {The Condor}
}