@article{ID67650925530,
	doi = {10.1186/1472-6785-9-18},
	url = {https://doi.org/10.1186%2F1472-6785-9-18},
	year = 2009,
	publisher = {Springer Nature},
	volume = {9},
	number = {1},
	pages = {18},
	author = {Richard M Sibly and Jacob Nabe-Nielsen and Mads C Forchhammer and Valery E Forbes and Christopher J Topping},
	title = {The effects of spatial and temporal heterogeneity on the population dynamics of four animal species in a Danish landscape},
	journal = {{BMC} Ecology}
}