@article{ID67249088422,
	doi = {10.2981/07-005},
	url = {https://doi.org/10.2981%2F07-005},
	year = 2009,
	month = {mar},
	publisher = {Wildlife Biology},
	volume = {15},
	number = {1},
	pages = {24-36},
	author = {Scott G. Gilliland and H. Grant Gilchrist and Robert F. Rockwell and Gregory J. Robertson and Jean-Pierre L. Savard and Flemming Merkel and Anders Mosbech},
	title = {Evaluating the sustainability of harvest among northern common eiders Somateria mollissima bovealis in Greenland and Canada},
	journal = {Wildlife Biology}
}