@article{ID67649601523,
	doi = {10.1016/j.envres.2009.04.008},
	url = {https://doi.org/10.1016%2Fj.envres.2009.04.008},
	year = 2009,
	month = {aug},
	publisher = {Elsevier {BV}},
	volume = {109},
	number = {6},
	pages = {702-711},
	author = {Christian Sonne and Hans Wolkers and Pall S. Leifsson and Tine Iburg and Bj{\o}rn Munro Jenssen and Eva Fuglei and {\O}ystein Ahlstr{\o}m and Rune Dietz and Maja Kirkegaard and Derek C. G. Muir and Even H. J{\o}rgensen},
	title = {Chronic dietary exposure to environmental organochlorine contaminants induces thyroid gland lesions in Arctic foxes (Vulpes lagopus)},
	journal = {Environmental Research}
}