@article{ID67649213982,
	doi = {10.1007/s00442-009-1340-y},
	url = {https://doi.org/10.1007%2Fs00442-009-1340-y},
	year = 2009,
	month = {apr},
	publisher = {Springer Nature},
	volume = {160},
	number = {4},
	pages = {687-695},
	author = {Brandee Diner and Dominique Berteaux and Jim Fyles and Richard L. Lindroth},
	title = {Behavioral archives link the chemistry and clonal structure of trembling aspen to the food choice of North American porcupine},
	journal = {Oecologia}
}