@article{ID68349130377,
	doi = {10.1016/j.anbehav.2009.06.008},
	url = {https://doi.org/10.1016%2Fj.anbehav.2009.06.008},
	year = 2009,
	month = {aug},
	publisher = {Elsevier {BV}},
	volume = {78},
	number = {2},
	pages = {505-514},
	author = {F. Barraquand and P. Inchausti and V. Bretagnolle},
	title = {Cognitive abilities of a central place forager interact with prey spatial aggregation in their effect on intake rate},
	journal = {Animal Behaviour}
}