@article{ID68149181442,
	doi = {10.1111/j.1365-2656.2009.01552.x},
	url = {https://doi.org/10.1111%2Fj.1365-2656.2009.01552.x},
	year = 2009,
	month = {nov},
	publisher = {Wiley-Blackwell},
	volume = {78},
	number = {6},
	pages = {1249-1258},
	author = {Michael J. Sheriff and Charles J. Krebs and Rudy Boonstra},
	title = {The sensitive hare: Sublethal effects of predator stress on reproduction in snowshoe hares},
	journal = {Journal of Animal Ecology}
}