@article{ID68149090573,
	doi = {10.3354/esr00095},
	url = {https://doi.org/10.3354%2Fesr00095},
	year = 2009,
	month = {jun},
	publisher = {Inter-Research Science Center},
	volume = {7},
	pages = {87-99},
	author = {RA Robinson and HQP Crick and JA Learmonth and IMD Maclean and CD Thomas and F Bairlein and MC Forchhammer and CM Francis and JA Gill and BJ Godley and J Harwood and GC Hays and B Huntley and AM Hutson and GJ Pierce and MM Rehfisch and DW Sims and BM Santos and TH Sparks and DA Stroud and ME Visser},
	title = {Travelling through a warming world: Climate change and migratory species},
	journal = {Endangered Species Research},
	number = {2}
}