@article{ID68549109494,
	doi = {10.1071/wr09006},
	url = {https://doi.org/10.1071%2Fwr09006},
	year = 2009,
	publisher = {{CSIRO} Publishing},
	volume = {36},
	number = {5},
	pages = {386},
	author = {A. D. Arthur and C. J. Krebs and R. P. Pech and L. N. Farroway and G. R. Singleton},
	title = {The transmission rate of MCMV in house mice in pens: Implications for virally vectored immunocontraception},
	journal = {Wildlife Research}
}