@article{ID68349144707,
	doi = {10.1016/j.biocon.2009.05.031},
	url = {https://doi.org/10.1016%2Fj.biocon.2009.05.031},
	year = 2009,
	month = {oct},
	publisher = {Elsevier {BV}},
	volume = {142},
	number = {10},
	pages = {2361-2368},
	author = {Nicola C. Okes and Philip A. R. Hockey and Lorien Pichegru and Carl D. van der Lingen and Robert J. M. Crawford and David Gr{\'{e}}millet},
	title = {Competition for shifting resources in the southern Benguela upwelling: Seabirds versus purse-seine fisheries},
	journal = {Biological Conservation}
}