@article{ID68849120284,
	doi = {10.1016/j.mbs.2009.06.004},
	url = {https://doi.org/10.1016%2Fj.mbs.2009.06.004},
	year = 2009,
	month = {sep},
	publisher = {Elsevier {BV}},
	volume = {221},
	number = {1},
	pages = {1-10},
	author = {Hao Wang and John D. Nagy and Olivier Gilg and Yang Kuang},
	title = {The roles of predator maturation delay and functional response in determining the periodicity of predator-prey cycles},
	journal = {Mathematical Biosciences}
}