@article{ID68149176524,
	doi = {10.1111/j.1365-2656.2009.01553.x},
	url = {https://doi.org/10.1111%2Fj.1365-2656.2009.01553.x},
	year = 2009,
	month = {jul},
	publisher = {Wiley-Blackwell},
	volume = {78},
	number = {5},
	pages = {1002-1006},
	author = {Atle Mysterud and Knut H. R{\o}ed and {\O}ystein Holand and Nigel G. Yoccoz and Mauri Nieminen},
	title = {Age-related gestation length adjustment in a large iteroparous mammal at northern latitude},
	journal = {Journal of Animal Ecology}
}