@article{ID68049092872,
	doi = {10.1603/022.038.0313},
	url = {https://doi.org/10.1603%2F022.038.0313},
	year = 2009,
	month = {jun},
	publisher = {Oxford University Press ({OUP})},
	volume = {38},
	number = {3},
	pages = {627-632},
	author = {Norun M. Hansen and Rolf A. Ims and Snorre B. Hagen},
	title = {No impact of pupal predation on the altitudinal distribution of autumnal moth and winter moth (Lepidoptera: Geometridae) in sub-arctic birch forest},
	journal = {Environmental Entomology}
}