@article{ID68349150912,
	doi = {10.1016/j.anbehav.2009.05.009},
	url = {https://doi.org/10.1016%2Fj.anbehav.2009.05.009},
	year = 2009,
	month = {aug},
	publisher = {Elsevier {BV}},
	volume = {78},
	number = {2},
	pages = {321-328},
	author = {A. M. A. Harding and A. S. Kitaysky and K. C. Hamer and M. E. Hall and J. Welcker and S. L. Talbot and N. J. Karnovsky and G. W. Gabrielsen and D. Gr{\'{e}}millet},
	title = {Impacts of experimentally increased foraging effort on the family: offspring sex matters},
	journal = {Animal Behaviour}
}