@article{ID68149132671,
	doi = {10.1111/j.1600-0706.2009.17322.x},
	url = {https://doi.org/10.1111%2Fj.1600-0706.2009.17322.x},
	year = 2009,
	month = {aug},
	publisher = {Wiley-Blackwell},
	volume = {118},
	number = {8},
	pages = {1212-1218},
	author = {Tomas Roslin and Juha-Pekka Salminen},
	title = {A tree in the jaws of a moth - Temporal variation in oak leaf quality and leaf-chewer performance},
	journal = {Oikos}
}