@article{ID68049126273,
	doi = {10.1139/b09-013},
	url = {https://doi.org/10.1139%2Fb09-013},
	year = 2009,
	month = {apr},
	publisher = {Canadian Science Publishing},
	volume = {87},
	number = {4},
	pages = {401-408},
	author = {C. J. Krebs and R. Boonstra and K. Cowcill and A. J. Kenney},
	title = {Climatic determinants of berry crops in the boreal forest of the southwestern Yukon},
	journal = {Botany}
}