@article{ID69249210917,
	doi = {10.1016/j.biocon.2009.06.005},
	url = {https://doi.org/10.1016%2Fj.biocon.2009.06.005},
	year = 2009,
	month = {nov},
	publisher = {Elsevier {BV}},
	volume = {142},
	number = {11},
	pages = {2586-2592},
	author = {John-Andr{\'{e}} Henden and Nigel G. Yoccoz and Rolf A. Ims and B{\aa}rd-J{\o}rgen B{\aa}rdsen and Anders Angerbj√∂rn},
	title = {Phase-dependent effect of conservation efforts in cyclically fluctuating populations of arctic fox (Vulpes lagopus)},
	journal = {Biological Conservation}
}