@article{ID69449088125,
	doi = {10.1111/j.1557-9263.2009.00231.x},
	url = {https://doi.org/10.1111%2Fj.1557-9263.2009.00231.x},
	year = 2009,
	month = {sep},
	publisher = {Wiley-Blackwell},
	volume = {80},
	number = {3},
	pages = {280-288},
	author = {Laura McKinnon and JoÃ«l B{\^{e}}ty},
	title = {Effect of camera monitoring on survival rates of High-Arctic shorebird nests},
	journal = {Journal of Field Ornithology}
}