@article{ID69449103750,
	doi = {10.1890/08-1405.1},
	url = {https://doi.org/10.1890%2F08-1405.1},
	year = 2009,
	month = {sep},
	publisher = {Wiley-Blackwell},
	volume = {90},
	number = {9},
	pages = {2577-2588},
	author = {Cathy D. Collins and Robert D. Holt and Bryan L. Foster},
	title = {Patch size effects on plant species decline in an experimentally fragmented landscape},
	journal = {Ecology}
}