@article{ID70349671182,
	doi = {10.1111/j.1365-2664.2009.01690.x},
	url = {https://doi.org/10.1111%2Fj.1365-2664.2009.01690.x},
	year = 2009,
	month = {oct},
	publisher = {Wiley-Blackwell},
	volume = {46},
	number = {5},
	pages = {1129-1132},
	author = {John E. Dowding and Elaine C. Murphy and Keith Springer and Anthony J. Peacock and Charles J. Krebs},
	title = {Cats, rabbits, Myxoma virus, and vegetation on Macquarie Island: A comment on Bergstrom et al. (2009)},
	journal = {Journal of Applied Ecology}
}