@article{ID70349592815,
	doi = {10.1007/s10344-009-0253-8},
	url = {https://doi.org/10.1007%2Fs10344-009-0253-8},
	year = 2009,
	month = {mar},
	publisher = {Springer Nature},
	volume = {55},
	number = {4},
	pages = {371-384},
	author = {{\AA}shild {\O}. Pedersen and Nigel G. Yoccoz and Rolf A. Ims},
	title = {Spatial and temporal patterns of artificial nest predation in mountain birch forests fragmented by spruce plantations},
	journal = {European Journal of Wildlife Research}
}