@article{ID70349775014,
	doi = {10.3354/ab00095},
	url = {https://doi.org/10.3354%2Fab00095},
	year = 2008,
	month = {dec},
	publisher = {Inter-Research Science Center},
	volume = {4},
	pages = {187-199},
	author = {M Grandgeorge and S Wanless and TE Dunn and M Maumy and G Beaugrand and D Gr{\'{e}}millet},
	title = {Resilience of the British and Irish seabird community in the twentieth century},
	journal = {Aquatic Biology},
	number = {2}
}