@article{ID70349558864,
	doi = {10.1525/cond.2009.090002},
	url = {https://doi.org/10.1525%2Fcond.2009.090002},
	year = 2009,
	month = {aug},
	publisher = {Cooper Ornithological Society},
	volume = {111},
	number = {3},
	pages = {414-423},
	author = {Paul A. Smith and Jonathan Bart and Richard B. Lanctot and Brian J. McCaffery and Stephen Brown},
	title = {Probability of detection of nests and implications for survey design},
	journal = {The Condor}
}