@article{ID70350618931,
	doi = {10.1007/s10531-009-9615-5},
	url = {https://doi.org/10.1007%2Fs10531-009-9615-5},
	year = 2009,
	month = {mar},
	publisher = {Springer Nature},
	volume = {18},
	number = {11},
	pages = {2893-2908},
	author = {Navinder J. Singh and Nigel G. Yoccoz and Yash Veer Bhatnagar and Joseph L. Fox},
	title = {Using habitat suitability models to sample rare species in high-altitude ecosystems: A case study with Tibetan argali},
	journal = {Biodiversity and Conservation}
}