@article{ID70949086855,
	doi = {10.1111/j.1469-7998.2009.00625.x},
	url = {https://doi.org/10.1111%2Fj.1469-7998.2009.00625.x},
	year = 2009,
	month = {dec},
	publisher = {Wiley-Blackwell},
	volume = {279},
	number = {4},
	pages = {321-328},
	author = {C. Pertoldi and C. Sonne and R. Dietz and N. M. Schmidt and V. Loeschcke},
	title = {Craniometric characteristics of polar bear skulls from two periods with contrasting levels of industrial pollution and sea ice extent},
	journal = {Journal of Zoology}
}