@article{ID70350150024,
	doi = {10.1007/s00300-009-0623-4},
	url = {https://doi.org/10.1007%2Fs00300-009-0623-4},
	year = 2009,
	month = {apr},
	publisher = {Springer Nature},
	volume = {32},
	number = {9},
	pages = {1275-1286},
	author = {Olivier Gilg and David Boertmann and Flemming Merkel and Adrian Aebischer and Brigitte Sabard},
	title = {Status of the endangered ivory gull, Pagophila eburnea, in Greenland},
	journal = {Polar Biology}
}