@article{ID70350148541,
	doi = {10.1086/603644},
	url = {https://doi.org/10.1086%2F603644},
	year = 2009,
	month = {sep},
	publisher = {University of Chicago Press},
	volume = {82},
	number = {5},
	pages = {549-560},
	author = {Fran{\c{c}}ois V{\'{e}}zina and Magali Petit and Deborah~M. Buehler and Anne Dekinga and Theunis Piersma},
	title = {Limited access to food and physiological trade-offs in a long-distance migrant shorebird. I. Energy metabolism, behavior, and body-mass regulation},
	journal = {Physiological and Biochemical Zoology}
}