@article{ID70349682557,
	doi = {10.1111/j.1600-0706.2009.17532.x},
	url = {https://doi.org/10.1111%2Fj.1600-0706.2009.17532.x},
	year = 2009,
	month = {oct},
	publisher = {Wiley-Blackwell},
	volume = {118},
	number = {10},
	pages = {1441-1452},
	author = {Dorothee Ehrich and Nigel G. Yoccoz and Rolf Anker Ims},
	title = {Multi-annual density fluctuations and habitat size enhance genetic variability in two northern voles},
	journal = {Oikos}
}