@article{ID70349878537,
	doi = {10.1007/s00227-009-1229-7},
	url = {https://doi.org/10.1007%2Fs00227-009-1229-7},
	year = 2009,
	month = {jun},
	publisher = {Springer Nature},
	volume = {156},
	number = {10},
	pages = {1985-1992},
	author = {Fran{\c{c}}ois Brischoux and Xavier Bonnet and Pierre Legagneux},
	title = {Are sea snakes pertinent bio-indicators for coral reefs? a comparison between species and sites},
	journal = {Marine Biology}
}