@article{ID70350763866,
	doi = {10.1111/j.1469-7998.2009.00619.x},
	url = {https://doi.org/10.1111%2Fj.1469-7998.2009.00619.x},
	year = 2009,
	month = {nov},
	publisher = {Wiley-Blackwell},
	volume = {279},
	number = {3},
	pages = {294-297},
	author = {Y. Ropert-Coudert and A. Kato and N. Poulin and D. Gr{\'{e}}millet},
	title = {Leg-attached data loggers do not modify the diving performances of a foot-propelled seabird},
	journal = {Journal of Zoology}
}