@article{ID70350075805,
	doi = {10.1111/j.1365-294x.2009.04358.x},
	url = {https://doi.org/10.1111%2Fj.1365-294x.2009.04358.x},
	year = 2009,
	month = {nov},
	publisher = {Wiley-Blackwell},
	volume = {18},
	number = {21},
	pages = {4347-4348},
	author = {ROBERT D. HOLT},
	title = {Up against the edge: Invasive species as testbeds for basic questions about evolution in heterogeneous environments},
	journal = {Molecular Ecology}
}