@article{ID70349922886,
	doi = {10.1016/j.vetmic.2009.06.013},
	url = {https://doi.org/10.1016%2Fj.vetmic.2009.06.013},
	year = 2009,
	month = {nov},
	publisher = {Elsevier {BV}},
	volume = {139},
	number = {3-4},
	pages = {262-269},
	author = {Carlos G. das Neves and Julien Thiry and Eystein Skjerve and Nigel G. Yoccoz and Espen Rimstad and Etienne Thiry and Morten Tryland},
	title = {Alphaherpesvirus infections in semidomesticated reindeer: A cross-sectional serological study},
	journal = {Veterinary Microbiology}
}