@article{ID70350746359,
	doi = {10.1111/j.1365-294x.2009.04387.x},
	url = {https://doi.org/10.1111%2Fj.1365-294x.2009.04387.x},
	year = 2009,
	month = {nov},
	publisher = {Wiley-Blackwell},
	volume = {18},
	number = {22},
	pages = {4526-4532},
	author = {D. EHRICH and P. B. EIDESEN and I. G. ALSOS and C. BROCHMANN},
	title = {An AFLP clock for absolute dating of shallow-time evolutionary history - Too good to be true?},
	journal = {Molecular Ecology}
}