@article{ID70349706078,
	doi = {10.1111/j.1654-1103.2009.01088.x},
	url = {https://doi.org/10.1111%2Fj.1654-1103.2009.01088.x},
	year = 2009,
	month = {oct},
	publisher = {Wiley-Blackwell},
	volume = {20},
	number = {5},
	pages = {903-915},
	author = {Marianne Iversen and Kari Anne Br{\aa}then and Nigel G. Yoccoz and Rolf A. Ims},
	title = {Predictors of plant phenology in a diverse high-latitude alpine landscape: Growth forms and topography},
	journal = {Journal of Vegetation Science}
}