@article{ID70349272591,
	doi = {10.1186/1742-9994-6-16},
	url = {https://doi.org/10.1186%2F1742-9994-6-16},
	year = 2009,
	publisher = {Springer Nature},
	volume = {6},
	number = {1},
	pages = {16},
	author = {Eeva M Soininen and Alice Valentini and Eric Coissac and Christian Miquel and Ludovic Gielly and Christian Brochmann and Anne K Brysting and J{\o}rn H S{\o}nsteb{\o} and Rolf A Ims and Nigel G Yoccoz and Pierre Taberlet},
	title = {Analysing diet of small herbivores: The efficiency of DNA barcoding coupled with high-throughput pyrosequencing for deciphering the composition of complex plant mixtures},
	journal = {Frontiers in Zoology}
}