@article{ID70349773958,
	doi = {10.3354/meps08212},
	url = {https://doi.org/10.3354%2Fmeps08212},
	year = 2009,
	month = {sep},
	publisher = {Inter-Research Science Center},
	volume = {391},
	pages = {121-137},
	author = {D Gr{\'{e}}millet and T Boulinier},
	title = {Spatial ecology and conservation of seabirds facing global climate change: A review},
	journal = {Marine Ecology Progress Series}
}