@inproceedings{ID70350125210,
	doi = {10.1109/oceans.2008.5151889},
	url = {https://doi.org/10.1109%2Foceans.2008.5151889},
	year = 2008,
	publisher = {{IEEE}},
	author = {P. Snelgrove and P. Archambault and K. Juniper and P. Lawton and A. Metaxas and C. McKindsey and P. Pepin and D. Schneider and V. Tunnicliffe},
	title = {Scientific criteria for conservation and sustainable usage of marine biodiversity in Canada's oceans},
	booktitle = {{OCEANS} 2008},
	journal = {OCEANS 2008}
}