@article{ID70350150663,
	doi = {10.1086/603635},
	url = {https://doi.org/10.1086%2F603635},
	year = 2009,
	month = {sep},
	publisher = {University of Chicago Press},
	volume = {82},
	number = {5},
	pages = {561-571},
	author = {Deborah~M. Buehler and Francisco Encinas-Viso and Magali Petit and Fran{\c{c}}ois V{\'{e}}zina and B. ~Irene Tieleman and Theunis Piersma},
	title = {Limited access to food and physiological trade-offs in a long-distance migrant shorebird. II. Constitutive immune function and the acute-phase response},
	journal = {Physiological and Biochemical Zoology}
}