@article{ID70349603607,
	doi = {10.1111/j.1469-1795.2009.00269.x},
	url = {https://doi.org/10.1111%2Fj.1469-1795.2009.00269.x},
	year = 2009,
	month = {oct},
	publisher = {Wiley-Blackwell},
	volume = {12},
	number = {5},
	pages = {434-444},
	author = {K. Nor{\'{e}}n and K. Kval{\o}y and V. Nyström and A. Landa and L. Dal{\'{e}}n and N. E. Eide and E. {\O}stbye and H. Henttonen and A. Angerbjörn},
	title = {Farmed arctic foxes on the Fennoscandian mountain tundra: implications for conservation},
	journal = {Animal Conservation}
}