@article{ID70349765706,
	doi = {10.1371/journal.pbio.1000210},
	url = {https://doi.org/10.1371%2Fjournal.pbio.1000210},
	year = 2009,
	month = {sep},
	publisher = {Public Library of Science ({PLoS})},
	volume = {7},
	number = {9},
	pages = {e1000210},
	author = {Ricardo M. Holdo and Anthony R. E. Sinclair and Andrew P. Dobson and Kristine L. Metzger and Benjamin M. Bolker and Mark E. Ritchie and Robert D. Holt},
	editor = {Georgina M. Mace},
	title = {A disease-mediated trophic cascade in the Serengeti and its implications for ecosystem C},
	journal = {{PLoS} Biology}
}