@article{ID70349234025,
	doi = {10.1560/ijee.55.2.91},
	url = {https://doi.org/10.1560%2Fijee.55.2.91},
	year = 2009,
	month = {jan},
	publisher = {Brill Academic Publishers},
	volume = {55},
	number = {2},
	pages = {91-97},
	author = {Robert D. Holt},
	title = {IJEE Soapbox: A meditation on species as stories},
	journal = {Israel Journal of Ecology {\&} Evolution}
}