@article{ID70349957913,
	doi = {10.1890/09-0503.1},
	url = {https://doi.org/10.1890%2F09-0503.1},
	year = 2009,
	month = {oct},
	publisher = {Wiley-Blackwell},
	volume = {90},
	number = {10},
	pages = {2664-2669},
	author = {Jean-Philippe Lessard and James A. Fordyce and Nicholas J. Gotelli and Nathan J. Sanders},
	title = {Invasive ants alter the phylogenetic structure of ant communities},
	journal = {Ecology}
}