@article{ID70549083935,
	doi = {10.1016/j.ecolmodel.2009.09.014},
	url = {https://doi.org/10.1016%2Fj.ecolmodel.2009.09.014},
	year = 2010,
	month = {jan},
	publisher = {Elsevier {BV}},
	volume = {221},
	number = {2},
	pages = {245-255},
	author = {Chris J. Topping and Toke T. H{\o}ye and Carsten Riis Olesen},
	title = {Opening the black box-Development, testing and documentation of a mechanistically rich agent-based model},
	journal = {Ecological Modelling}
}