@article{ID70349427042,
	doi = {10.1016/j.marpolbul.2009.05.010},
	url = {https://doi.org/10.1016%2Fj.marpolbul.2009.05.010},
	year = 2009,
	month = {oct},
	publisher = {Elsevier {BV}},
	volume = {58},
	number = {10},
	pages = {1544-1553},
	author = {Myriam D. Callier and Marion Richard and Christopher W. McKindsey and Philippe Archambault and Gaston Desrosiers},
	title = {Responses of benthic macrofauna and biogeochemical fluxes to various levels of mussel biodeposition: An in situ "benthocosm" experiment},
	journal = {Marine Pollution Bulletin}
}