@article{ID70349491088,
	doi = {10.1007/s00040-009-0006-4},
	url = {https://doi.org/10.1007%2Fs00040-009-0006-4},
	year = 2009,
	month = {mar},
	publisher = {Springer Nature},
	volume = {56},
	number = {2},
	pages = {149-156},
	author = {J.-P. Lessard and R. R. Dunn and N. J. Sanders},
	title = {Temperature-mediated coexistence in temperate forest ant communities},
	journal = {Insectes Sociaux}
}