@article{ID70249126500,
	doi = {10.1126/science.1173113},
	url = {https://doi.org/10.1126%2Fscience.1173113},
	year = 2009,
	month = {sep},
	publisher = {American Association for the Advancement of Science ({AAAS})},
	volume = {325},
	number = {5946},
	pages = {1355-1358},
	author = {E. Post and M. C. Forchhammer and M. S. Bret-Harte and T. V. Callaghan and T. R. Christensen and B. Elberling and A. D. Fox and O. Gilg and D. S. Hik and T. T. Hoye and R. A. Ims and E. Jeppesen and D. R. Klein and J. Madsen and A. D. McGuire and S. Rysgaard and D. E. Schindler and I. Stirling and M. P. Tamstorf and N. J. C. Tyler and R. van der Wal and J. Welker and P. A. Wookey and N. M. Schmidt and P. Aastrup},
	title = {Ecological dynamics across the arctic associated with recent climate change},
	journal = {Science}
}