@article{ID70350169342,
	doi = {10.1560/ijee.55.1.1},
	url = {https://doi.org/10.1560%2Fijee.55.1.1},
	year = 2009,
	month = {jan},
	publisher = {Brill Academic Publishers},
	volume = {55},
	number = {1},
	pages = {1-10},
	author = {Robert D. Holt},
	title = {IJEE SOAPBOX: Prince kropotkin meets the hutchinsonian niche},
	journal = {Israel Journal of Ecology {\&} Evolution}
}