@article{ID70349425887,
	doi = {10.1525/auk.2008.21008.2},
	url = {https://doi.org/10.1525%2Fauk.2008.21008.2},
	year = 2008,
	month = {oct},
	publisher = {University of California Press},
	volume = {125},
	number = {4},
	pages = {983-985},
	author = {RICHARD B. LANCTOT and ALEX HARTMAN and LEWIS W. ORING and R. I. GUY MORRISON},
	title = {Response to farmer (2008): Limitations of statistically derived population estimates, and suggestions for deriving national population estimates for shorebirds},
	journal = {The Auk}
}