@article{ID70349763404,
	doi = {10.3354/meps08283},
	url = {https://doi.org/10.3354%2Fmeps08283},
	year = 2009,
	month = {sep},
	publisher = {Inter-Research Science Center},
	volume = {391},
	pages = {199-208},
	author = {L Pichegru and PG Ryan and C Le Bohec and CD van der Lingen and R Navarro and S Petersen and S Lewis and J van der Westhuizen and D Gr{\'{e}}millet},
	title = {Overlap between vulnerable top predators and fisheries in the benguela upwelling system: Implications for marine protected areas},
	journal = {Marine Ecology Progress Series}
}