@article{ID70350732804,
	doi = {10.1016/j.ecoenv.2009.08.017},
	url = {https://doi.org/10.1016%2Fj.ecoenv.2009.08.017},
	year = 2010,
	month = {jan},
	publisher = {Elsevier {BV}},
	volume = {73},
	number = {1},
	pages = {7-17},
	author = {Christian Sonne and Jan Ove Bustnes and Dorte Herzke and Veerle L. B. Jaspers and Adrian Covaci and Duncan J. Halley and Truls Moum and Igor Eulaers and Marcel Eens and Rolf A. Ims and Sveinn A. Hanssen and Kjell Einar Erikstad and Trond Johnsen and Lisbeth Schnug and Frank F. Rig{\'{e}}t and Asger L. Jensen},
	title = {Relationships between organohalogen contaminants and blood plasma clinical-chemical parameters in chicks of three raptor species from Northern Norway},
	journal = {Ecotoxicology and Environmental Safety}
}