@article{ID71149117642,
	doi = {10.1139/z09-104},
	url = {https://doi.org/10.1139%2Fz09-104},
	year = 2009,
	month = {dec},
	publisher = {Canadian Science Publishing},
	volume = {87},
	number = {12},
	pages = {1170-1183},
	author = {Mark D. F. Shirley and Bodil Elmhagen and Peter W. W. Lurz and Steve P. Rushton and Anders Angerbj√∂rn},
	title = {Modelling the spatial population dynamics of arctic foxes: The effects of red foxes and microtine cycles},
	journal = {Canadian Journal of Zoology}
}