@article{ID71149099891,
	doi = {10.1139/z09-107},
	url = {https://doi.org/10.1139%2Fz09-107},
	year = 2009,
	month = {dec},
	publisher = {Canadian Science Publishing},
	volume = {87},
	number = {12},
	pages = {1195-1209},
	author = {E. Zeyl and J. Aars and D. Ehrich and L. Bachmann and {\O}. Wiig},
	title = {The mating system of polar bears: A genetic approach},
	journal = {Canadian Journal of Zoology}
}