@article{ID71949122030,
	doi = {10.1675/063.032.0313},
	url = {https://doi.org/10.1675%2F063.032.0313},
	year = 2009,
	month = {sep},
	publisher = {Waterbird Society},
	volume = {32},
	number = {3},
	pages = {459-463},
	author = {Lisha L. Berzins and H. Grant Gilchrist and Gary Burness},
	title = {No assortative mating based on size in black guillemots breeding in the Canadian arctic},
	journal = {Waterbirds}
}