@article{ID72849118090,
	doi = {10.1098/rspb.2009.1299},
	url = {https://doi.org/10.1098%2Frspb.2009.1299},
	year = 2009,
	month = {sep},
	publisher = {The Royal Society},
	volume = {276},
	number = {1676},
	pages = {4229-4236},
	author = {S. Cornet and N. Franceschi and L. Bollache and T. Rigaud and G. Sorci},
	title = {Variation and covariation in infectivity, virulence and immunodepression in the host-parasite association Gammarus pulex-Pomphorhynchus laevis},
	journal = {Proceedings of the Royal Society B: Biological Sciences}
}