@article{ID72049107179,
	doi = {10.1111/j.1752-4598.2009.00054.x},
	url = {https://doi.org/10.1111%2Fj.1752-4598.2009.00054.x},
	year = 2009,
	month = {aug},
	publisher = {Wiley-Blackwell},
	volume = {2},
	number = {3},
	pages = {232-241},
	author = {TOMAS ROSLIN and TIINA AVOMAA and MINTTU LEONARD and MISKA LUOTO and OTSO OVASKAINEN},
	title = {Some like it hot: Microclimatic variation affects the abundance and movements of a critically endangered dung beetle},
	journal = {Insect Conservation and Diversity}
}