@article{ID72949122327,
	doi = {10.1111/j.1461-0248.2009.01412.x},
	url = {https://doi.org/10.1111%2Fj.1461-0248.2009.01412.x},
	year = 2010,
	month = {jan},
	publisher = {Wiley-Blackwell},
	volume = {13},
	number = {1},
	pages = {11-20},
	author = {John L. Orrock and Robert D. Holt and Marissa L. Baskett},
	title = {Refuge-mediated apparent competition in plant-consumer interactions},
	journal = {Ecology Letters}
}