@article{ID72949120820,
	doi = {10.1111/j.1600-0706.2009.17604.x},
	url = {https://doi.org/10.1111%2Fj.1600-0706.2009.17604.x},
	year = 2010,
	month = {jan},
	publisher = {Wiley-Blackwell},
	volume = {119},
	number = {1},
	pages = {27-34},
	author = {John-Andr{\~{A}}{\textcopyright} Henden and Rolf A. Ims and Nigel G. Yoccoz and Peter Hellstr{\~{A}}{\textparagraph}m and Anders Angerbj{\~{A}}{\textparagraph}rn},
	title = {Strength of asymmetric competition between predators in food webs ruled by fluctuating prey: The case of foxes in tundra},
	journal = {Oikos}
}