@article{ID72849111408,
	doi = {10.1098/rspb.2009.1148},
	url = {https://doi.org/10.1098%2Frspb.2009.1148},
	year = 2009,
	month = {sep},
	publisher = {The Royal Society},
	volume = {276},
	number = {1676},
	pages = {4119-4128},
	author = {J. U. Jepsen and S. B. Hagen and S.-R. Karlsen and R. A. Ims},
	title = {Phase-dependent outbreak dynamics of geometrid moth linked to host plant phenology},
	journal = {Proceedings of the Royal Society B: Biological Sciences}
}