@article{ID73949148748,
	doi = {10.1111/j.1365-2435.2009.01638.x},
	url = {https://doi.org/10.1111%2Fj.1365-2435.2009.01638.x},
	year = 2010,
	month = {feb},
	publisher = {Wiley-Blackwell},
	volume = {24},
	number = {1},
	pages = {93-102},
	author = {Micha{\~{A}}{\guillemotleft}l Beaulieu and Antoine Dervaux and Anne-Mathilde Thierry and David Lazin and Yvon Le Maho and Yan Ropert-Coudert and Marion Sp{\~{A}}{\textcopyright}e and Thierry Raclot and Andr{\~{A}}{\textcopyright} Ancel},
	title = {When sea-ice clock is ahead of Ad√©lie penguins' clock},
	journal = {Functional Ecology}
}