@article{ID73949090388,
	doi = {10.1073/pnas.0901643106},
	url = {https://doi.org/10.1073%2Fpnas.0901643106},
	year = 2009,
	month = {nov},
	publisher = {Proceedings of the National Academy of Sciences},
	volume = {106},
	number = {Supplement{\_}2},
	pages = {19723-19728},
	author = {N. E. Zimmermann and N. G. Yoccoz and T. C. Edwards and E. S. Meier and W. Thuiller and A. Guisan and D. R. Schmatz and P. B. Pearman},
	title = {Climatic extremes improve predictions of spatial patterns of tree species},
	journal = {Proceedings of the National Academy of Sciences}
}