@article{ID73849099058,
	doi = {10.1038/463026a},
	url = {https://doi.org/10.1038%2F463026a},
	year = 2010,
	month = {jan},
	publisher = {Springer Nature},
	volume = {463},
	number = {7277},
	pages = {26-32},
	title = {Ecology},
	journal = {Nature}
}