@article{ID73449126246,
	doi = {10.1525/auk.2009.08224},
	url = {https://doi.org/10.1525%2Fauk.2009.08224},
	year = 2009,
	month = {oct},
	publisher = {University of California Press},
	volume = {126},
	number = {4},
	pages = {744-754},
	author = {Sarah A. Sonsthagen and Sandy L. Talbot and Richard B. Lanctot and Kim T. Scribner and Kevin G. McCracken},
	title = {Hierarchical spatial genetic structure of Common Eiders (Somateria Mollissima) breeding along a migratory corridor},
	journal = {The Auk}
}