@article{ID73349101494,
	doi = {10.1111/j.1469-7998.2009.00637.x},
	url = {https://doi.org/10.1111%2Fj.1469-7998.2009.00637.x},
	year = 2010,
	month = {jan},
	publisher = {Wiley-Blackwell},
	volume = {280},
	number = {1},
	pages = {25-32},
	author = {P. G. Ryan and L. Pichegru and Y. Ropert-Coudert and D. Gr{\~{A}}{\textcopyright}millet and A. Kato},
	title = {On a wing and a prayer: The foraging ecology of breeding Cape cormorants},
	journal = {Journal of Zoology}
}