@article{ID73949100849,
	doi = {10.1073/pnas.0905137106},
	url = {https://doi.org/10.1073%2Fpnas.0905137106},
	year = 2009,
	month = {nov},
	publisher = {Proceedings of the National Academy of Sciences},
	volume = {106},
	number = {Supplement{\_}2},
	pages = {19659-19665},
	author = {R. D. Holt},
	title = {Bringing the Hutchinsonian niche into the 21st century: Ecological and evolutionary perspectives},
	journal = {Proceedings of the National Academy of Sciences}
}