@article{ID74849140817,
	doi = {10.1016/j.ecolmodel.2009.11.004},
	url = {https://doi.org/10.1016%2Fj.ecolmodel.2009.11.004},
	year = 2010,
	month = {mar},
	publisher = {Elsevier {BV}},
	volume = {221},
	number = {5},
	pages = {729-737},
	author = {Christopher John Topping and Toke Thomas H{\o}ye and Peter Oddersk{\ae}r and Nicholas J. Aebischer},
	title = {A pattern-oriented modelling approach to simulating populations of grey partridge},
	journal = {Ecological Modelling}
}