@article{ID74549114162,
	doi = {10.1126/science.1183010},
	url = {https://doi.org/10.1126%2Fscience.1183010},
	year = 2010,
	month = {jan},
	publisher = {American Association for the Advancement of Science ({AAAS})},
	volume = {327},
	number = {5963},
	pages = {326-327},
	author = {L. McKinnon and P. A. Smith and E. Nol and J. L. Martin and F. I. Doyle and K. F. Abraham and H. G. Gilchrist and R. I. G. Morrison and J. Bety},
	title = {Lower predation risk for migratory birds at high latitudes},
	journal = {Science}
}