@article{ID74549152649,
	doi = {10.1126/science.1184964},
	url = {https://doi.org/10.1126%2Fscience.1184964},
	year = 2010,
	month = {jan},
	publisher = {American Association for the Advancement of Science ({AAAS})},
	volume = {327},
	number = {5963},
	pages = {276-277},
	author = {O. Gilg and N. G. Yoccoz},
	title = {Explaining bird migration},
	journal = {Science}
}