@article{ID74149092365,
	doi = {10.1016/j.rse.2009.10.011},
	url = {https://doi.org/10.1016%2Fj.rse.2009.10.011},
	year = 2010,
	month = {mar},
	publisher = {Elsevier {BV}},
	volume = {114},
	number = {3},
	pages = {520-530},
	author = {Antoine Collin and Bernard Long and Phillippe Archambault},
	title = {Salt-marsh characterization, zonation assessment and mapping through a dual-wavelength LiDAR},
	journal = {Remote Sensing of Environment}
}