@article{ID75149195768,
	doi = {10.1017/s0031182009990953},
	url = {https://doi.org/10.1017%2Fs0031182009990953},
	year = 2009,
	month = {sep},
	publisher = {Cambridge University Press ({CUP})},
	volume = {137},
	number = {01},
	pages = {149},
	author = {A. STIEN and L. VOUTILAINEN and V. HAUKISALMI and E. FUGLEI and T. M{\O}RK and N. G. YOCCOZ and R. A. IMS and H. HENTTONEN},
	title = {Intestinal parasites of the Arctic fox in relation to the abundance and distribution of intermediate hosts},
	journal = {Parasitology}
}