@article{ID75649140608,
	doi = {10.1139/b09-069},
	url = {https://doi.org/10.1139%2Fb09-069},
	year = 2009,
	month = {dec},
	publisher = {Canadian Science Publishing},
	volume = {87},
	number = {12},
	pages = {1209-1222},
	author = {R{\'{e}}my Pouliot and Line Rochefort and Gilles Gauthier},
	title = {Moss carpets constrain the fertilizing effects of herbivores on graminoid plants in arctic polygon fens},
	journal = {Botany}
}