@article{ID76749129324,
	doi = {10.1093/beheco/arp205},
	url = {https://doi.org/10.1093%2Fbeheco%2Farp205},
	year = 2010,
	publisher = {Oxford University Press ({OUP})},
	volume = {21},
	number = {2},
	pages = {410-418},
	author = {Navinder J. Singh and Christophe Bonenfant and Nigel G. Yoccoz and Steeve D. C{\^{o}}t{\'{e}}},
	title = {Sexual segregation in Eurasian wild sheep},
	journal = {Behavioral Ecology}
}