@article{ID76149091181,
	doi = {10.2980/16-3-3152},
	url = {https://doi.org/10.2980%2F16-3-3152},
	year = 2009,
	month = {sep},
	publisher = {Informa {UK} Limited},
	volume = {16},
	number = {3},
	pages = {271-281},
	author = {Annick Drouin and Pascal Sirois and Philippe Archambault},
	title = {Discriminating zooplankton communities in lakes with brook trout (salvelinus fontinalis) and in fishless lakes},
	journal = {{\'{E}}coscience}
}