@article{ID76649097975,
	doi = {10.1017/s0032247409008626},
	url = {https://doi.org/10.1017%2Fs0032247409008626},
	year = 2009,
	month = {dec},
	publisher = {Cambridge University Press ({CUP})},
	volume = {46},
	number = {01},
	pages = {86},
	author = {David Boertmann and Kent Olsen and Oliver Gilg},
	title = {Ivory gulls breeding on ice},
	journal = {Polar Record}
}