@article{ID77954126918,
	doi = {10.3354/meps08593},
	url = {https://doi.org/10.3354%2Fmeps08593},
	year = 2010,
	month = {jun},
	publisher = {Inter-Research Science Center},
	volume = {408},
	pages = {117-127},
	author = {PW Shaw and L Hendrickson and NJ McKeown and T Stonier and MJ Naud and WHH Sauer},
	title = {Discrete spawning aggregations of loliginid squid Do not represent genetically distinct populations},
	journal = {Marine Ecology Progress Series}
}