@article{ID77954058481,
	doi = {10.1242/jeb.042267},
	url = {https://doi.org/10.1242%2Fjeb.042267},
	year = 2010,
	month = {jun},
	publisher = {The Company of Biologists},
	volume = {213},
	number = {14},
	pages = {2365-2371},
	author = {E. Pettex and F. Bonadonna and M. R. Enstipp and F. Siorat and D. Gremillet},
	title = {Northern gannets anticipate the spatio-temporal occurrence of their prey},
	journal = {Journal of Experimental Biology}
}