@article{ID77956936489,
	doi = {10.1098/rspb.2010.0812},
	url = {https://doi.org/10.1098%2Frspb.2010.0812},
	year = 2010,
	month = {may},
	publisher = {The Royal Society},
	volume = {277},
	number = {1697},
	pages = {3179-3186},
	author = {J. P. Heath and H. G. Gilchrist and R. C. Ydenberg},
	title = {Interactions between rate processes with different timescales explain counterintuitive foraging patterns of arctic wintering eiders},
	journal = {Proceedings of the Royal Society B: Biological Sciences}
}