@article{ID77956577777,
	doi = {10.1890/09-1027.1},
	url = {https://doi.org/10.1890%2F09-1027.1},
	year = 2010,
	month = {sep},
	publisher = {Wiley-Blackwell},
	volume = {91},
	number = {9},
	pages = {2660-2672},
	author = {Ayco J. M. Tack and Otso Ovaskainen and Pertti Pulkkinen and Tomas Roslin},
	title = {Spatial location dominates over host plant genotype in structuring an herbivore community},
	journal = {Ecology}
}