@article{ID77951693870,
	doi = {10.2981/09-023},
	url = {https://doi.org/10.2981%2F09-023},
	year = 2010,
	month = {mar},
	publisher = {Wildlife Biology},
	volume = {16},
	number = {1},
	pages = {107-112},
	author = {Vidar Sel{\aa}s and B{\o}rge Steinmo Johnsen and Nina E. Eide},
	title = {Arctic fox Vulpes lagopus den use in relation to altitude and human infrastructure},
	journal = {Wildlife Biology}
}