@article{ID77954154132,
	doi = {10.1111/j.1600-048x.2009.04815.x},
	url = {https://doi.org/10.1111%2Fj.1600-048x.2009.04815.x},
	year = 2010,
	month = {jun},
	publisher = {Wiley-Blackwell},
	volume = {41},
	number = {3},
	pages = {292-304},
	author = {Paul A. Smith and H. Grant Gilchrist and Mark R. Forbes and Jean-Louis Martin and Karel Allard},
	title = {Inter-annual variation in the breeding chronology of arctic shorebirds: Effects of weather, snow melt and predators},
	journal = {Journal of Avian Biology}
}