@article{ID77949460723,
	doi = {10.1525/cond.2010.090026},
	url = {https://doi.org/10.1525%2Fcond.2010.090026},
	year = 2010,
	month = {feb},
	publisher = {Cooper Ornithological Society},
	volume = {112},
	number = {1},
	pages = {15-28},
	author = {Khara M. Strum and Michael J. Hooper and Kevin A. Johnson and Richard B. Lanctot and Mar{\'{\i}}a Elena Zaccagnini and Brett K. Sandercock},
	title = {Exposure of nonbreeding migratory shorebirds to cholinesterase-inhibiting contaminants in the western hemisphere},
	journal = {The Condor}
}