@article{ID77952375739,
	doi = {10.3732/ajb.0900304},
	url = {https://doi.org/10.3732%2Fajb.0900304},
	year = 2010,
	month = {apr},
	publisher = {Botanical Society of America},
	volume = {97},
	number = {5},
	pages = {770-781},
	author = {S. Boudreau and P. Ropars and K. A. Harper},
	title = {Population dynamics of Empetrum hermaphroditum (Ericaceae) on a subarctic sand dune: Evidence of rapid colonization through efficient sexual reproduction},
	journal = {American Journal of Botany}
}