@article{ID77955768766,
	doi = {10.1007/s00442-010-1678-1},
	url = {https://doi.org/10.1007%2Fs00442-010-1678-1},
	year = 2010,
	month = {jul},
	publisher = {Springer Nature},
	volume = {164},
	number = {1},
	pages = {277-286},
	author = {Oliver P. Love and H. Grant Gilchrist and S{\'{e}}bastien Descamps and Christina A. D. Semeniuk and JoÃ«l B{\^{e}}ty},
	title = {Pre-laying climatic cues can time reproduction to optimally match offspring hatching and ice conditions in an Arctic marine bird},
	journal = {Oecologia}
}