@article{ID77956005045,
	doi = {10.1111/j.1600-0706.2010.18508.x},
	url = {https://doi.org/10.1111%2Fj.1600-0706.2010.18508.x},
	year = 2010,
	month = {aug},
	publisher = {Wiley-Blackwell},
	volume = {119},
	number = {9},
	pages = {1526-1536},
	author = {S{\'{e}}bastien Descamps and Nigel G. Yoccoz and Jean-Michel Gaillard and H. Grant Gilchrist and Kjell Einar Erikstad and Sveinn Are Hanssen and Bernard Cazelles and Mark R. Forbes and JoÃ«l B{\^{e}}ty},
	title = {Detecting population heterogeneity in effects of North Atlantic Oscillations on seabird body condition: Get into the rhythm},
	journal = {Oikos}
}