@article{ID77957275743,
	doi = {10.1098/rsbl.2009.0913},
	url = {https://doi.org/10.1098%2Frsbl.2009.0913},
	year = 2010,
	month = {feb},
	publisher = {The Royal Society},
	volume = {6},
	number = {4},
	pages = {498-501},
	author = {L. Pichegru and D. Gremillet and R. J. M. Crawford and P. G. Ryan},
	title = {Marine no-take zone rapidly benefits endangered penguin},
	journal = {Biology Letters}
}