@article{ID77951471918,
	doi = {10.1242/jeb.037390},
	url = {https://doi.org/10.1242%2Fjeb.037390},
	year = 2010,
	month = {mar},
	publisher = {The Company of Biologists},
	volume = {213},
	number = {7},
	pages = {1018-1025},
	author = {C. B. Thaxter and S. Wanless and F. Daunt and M. P. Harris and S. Benvenuti and Y. Watanuki and D. Gremillet and K. C. Hamer},
	title = {Influence of wing loading on the trade-off between pursuit-diving and flight in common guillemots and razorbills},
	journal = {Journal of Experimental Biology}
}