@article{ID77953687542,
	doi = {10.1007/s00442-010-1644-y},
	url = {https://doi.org/10.1007%2Fs00442-010-1644-y},
	year = 2010,
	month = {may},
	publisher = {Springer Nature},
	volume = {163},
	number = {3},
	pages = {613-624},
	author = {Paul A. Smith and Scott Wilson},
	title = {Intraseasonal patterns in shorebird nest survival are related to nest age and defence behaviour},
	journal = {Oecologia}
}