@article{ID77957733677,
	doi = {10.1098/rsbl.2010.0082},
	url = {https://doi.org/10.1098%2Frsbl.2010.0082},
	year = 2010,
	month = {mar},
	publisher = {The Royal Society},
	volume = {6},
	number = {5},
	pages = {682-684},
	author = {J. Fort and Y. Cherel and A. M. A. Harding and C. Egevang and H. Steen and G. Kuntz and W. P. Porter and D. Gremillet},
	title = {The feeding ecology of little auks raises questions about winter zooplankton stocks in North Atlantic surface waters},
	journal = {Biology Letters}
}