@article{ID77954630665,
	doi = {10.1111/j.1461-0248.2010.01478.x},
	url = {https://doi.org/10.1111%2Fj.1461-0248.2010.01478.x},
	year = 2010,
	month = {may},
	publisher = {Wiley-Blackwell},
	volume = {13},
	number = {7},
	pages = {915-935},
	author = {Sandra Hamel and Jean-Michel Gaillard and Nigel Gilles Yoccoz and Anne Loison and Christophe Bonenfant and S{\'{e}}bastien Descamps},
	title = {Fitness costs of reproduction depend on life speed: Empirical evidence from mammalian populations},
	journal = {Ecology Letters}
}