@article{ID77957747570,
	doi = {10.1890/10.wb.020},
	url = {https://doi.org/10.1890%2F10.wb.020},
	year = 2010,
	month = {oct},
	publisher = {Wiley-Blackwell},
	volume = {8},
	number = {8},
	pages = {401-402},
	author = {David Gr{\'{e}}millet and Ralf HE Mullers and Christina Moseley and Lorien Pichegru and Janet C Coetzee and Philippe S Sabarros and Carl D van der Lingen and Peter G Ryan and Akiko Kato and Yan Ropert-Coudert},
	title = {Seabirds, fisheries, and cameras: Peer-reviewed letter},
	journal = {Frontiers in Ecology and the Environment}
}