@article{ID77950225646,
	doi = {10.1111/j.1365-2486.2009.02000.x},
	url = {https://doi.org/10.1111%2Fj.1365-2486.2009.02000.x},
	year = 2010,
	month = {apr},
	publisher = {Wiley-Blackwell},
	volume = {16},
	number = {4},
	pages = {1145-1157},
	author = {LAËTITIA BUISSON and WILFRIED THUILLER and NICOLAS CASAJUS and SOVAN LEK and GAËL GRENOUILLET},
	title = {Uncertainty in ensemble forecasting of species distribution},
	journal = {Global Change Biology}
}