@article{ID77958063737,
	doi = {10.3354/meps08749},
	url = {https://doi.org/10.3354%2Fmeps08749},
	year = 2010,
	month = {sep},
	publisher = {Inter-Research Science Center},
	volume = {415},
	pages = {283-293},
	author = {N Karnovsky and A Harding and W Walkusz and S Kwasniewski and I Goszczko and Jr Wiktor J and H Routti and A Bailey and L McFadden and Z Brown and G Beaugrand and D Gr{\'{e}}millet},
	title = {Foraging distributions of little auks Alle alle across the Greenland Sea: Implications of present and future Arctic climate change},
	journal = {Marine Ecology Progress Series}
}