@article{ID77954288818,
	doi = {10.1111/j.1752-4571.2009.00117.x},
	url = {https://doi.org/10.1111%2Fj.1752-4571.2009.00117.x},
	year = 2010,
	month = {jan},
	publisher = {Wiley-Blackwell},
	volume = {3},
	number = {2},
	pages = {97-108},
	author = {Richard Gomulkiewicz and Robert D. Holt and Michael Barfield and Scott L. Nuismer},
	title = {Genetics, adaptation, and invasion in harsh environments},
	journal = {Evolutionary Applications}
}