@article{ID77954591383,
	doi = {10.1111/j.1600-0706.2009.18079.x},
	url = {https://doi.org/10.1111%2Fj.1600-0706.2009.18079.x},
	year = 2010,
	month = {feb},
	publisher = {Wiley-Blackwell},
	volume = {119},
	number = {7},
	pages = {1181-1191},
	author = {Manon Morrissette and JoÃ«l B{\^{e}}ty and Gilles Gauthier and Austin Reed and Jos{\'{e}}e Lefebvre},
	title = {Climate, trophic interactions, density dependence and carry-over effects on the population productivity of a migratory Arctic herbivorous bird},
	journal = {Oikos}
}