@article{ID77952420367,
	doi = {10.1007/s00300-009-0725-z},
	url = {https://doi.org/10.1007%2Fs00300-009-0725-z},
	year = 2009,
	month = {sep},
	publisher = {Springer Nature},
	volume = {33},
	number = {4},
	pages = {485-492},
	author = {Michaël Beaulieu and Anne-Mathilde Thierry and Yves Handrich and Sylvie Massemin and Yvon Le Maho and Andr{\'{e}} Ancel},
	title = {Adverse effects of instrumentation in incubating Adélie penguins (Pygoscelis adeliae)},
	journal = {Polar Biology}
}