@article{ID77955242706,
	doi = {10.1111/j.1558-5646.2010.01006.x},
	url = {https://doi.org/10.1111%2Fj.1558-5646.2010.01006.x},
	year = 2010,
	month = {apr},
	publisher = {Wiley-Blackwell},
	pages = {no-no},
	author = {Nathalie Franceschi and St{\'{e}}phane Cornet and Loic Bollache and Fran{\c{c}}ois-Xavier Dechaume-Moncharmont and Alexandre Bauer and S{\'{e}}bastien Motreuil and Thierry Rigaud},
	title = {Variation between populations and local adaptation in acanthocephalan-induced parasite manipulation},
	journal = {Evolution},
	volume = {64},
	number = {8}
}