@article{ID77954636461,
	doi = {10.1016/j.tree.2010.03.002},
	url = {https://doi.org/10.1016%2Fj.tree.2010.03.002},
	year = 2010,
	month = {jun},
	publisher = {Elsevier {BV}},
	volume = {25},
	number = {6},
	pages = {325-331},
	author = {Sarah E. Gilman and Mark C. Urban and Joshua Tewksbury and George W. Gilchrist and Robert D. Holt},
	title = {A framework for community interactions under climate change},
	journal = {Trends in Ecology {\&} Evolution}
}