@article{ID77955311010,
	doi = {10.1016/j.mambio.2009.06.003},
	url = {https://doi.org/10.1016%2Fj.mambio.2009.06.003},
	year = 2010,
	month = {sep},
	publisher = {Elsevier {BV}},
	volume = {75},
	number = {5},
	pages = {420-426},
	author = {Yoram Yom-Tov and Shlomith Yom-Tov and Anders Angerbjorn},
	title = {Body size of the weasel Mustela nivalis and the stoat M. erminea in Sweden},
	journal = {Mammalian Biology - Zeitschrift für Säugetierkunde}
}