@article{ID77955245879,
	doi = {10.1111/j.1365-2311.2010.01201.x},
	url = {https://doi.org/10.1111%2Fj.1365-2311.2010.01201.x},
	year = 2010,
	month = {apr},
	publisher = {Wiley-Blackwell},
	pages = {no-no},
	author = {OLE PETTER LAKSFORSMO VINDSTAD and SNORRE B. HAGEN and TINO SCHOTT and ROLF A. IMS},
	title = {Spatially patterned guild structure in larval parasitoids of cyclically outbreaking winter moth populations},
	journal = {Ecological Entomology},
	volume = {35},
	number = {4}
}