@article{ID77949773571,
	doi = {10.1007/s00442-009-1426-6},
	url = {https://doi.org/10.1007%2Fs00442-009-1426-6},
	year = 2009,
	month = {aug},
	publisher = {Springer Nature},
	volume = {162},
	number = {1},
	pages = {153-161},
	author = {Dominique Gravel and Marilou Beaudet and Christian Messier},
	title = {Large-scale synchrony of gap dynamics and the distribution of understory tree species in maple-beech forests},
	journal = {Oecologia}
}