@article{ID77954479346,
	doi = {10.1639/0007-2745-113.2.322},
	url = {https://doi.org/10.1639%2F0007-2745-113.2.322},
	year = 2010,
	month = {jun},
	publisher = {American Bryological and Lichenological Society},
	volume = {113},
	number = {2},
	pages = {322-332},
	author = {R{\'{e}}my Pouliot and Myl{\`{e}}ne Marchand-Roy and Line Rochefort and Gilles Gauthier},
	title = {Estimating moss growth in arctic conditions: A comparison of three methods},
	journal = {The Bryologist}
}