@article{ID77954260929,
	doi = {10.1111/j.1752-4571.2010.00123.x},
	url = {https://doi.org/10.1111%2Fj.1752-4571.2010.00123.x},
	year = 2010,
	month = {feb},
	publisher = {Wiley-Blackwell},
	volume = {3},
	number = {2},
	pages = {96-96},
	author = {Kristina A. Schierenbeck and Carol Eunmi Lee and Robert D. Holt},
	title = {Synthesizing ecology and evolution for the study of invasive species},
	journal = {Evolutionary Applications}
}