@article{ID77954574670,
	doi = {10.1890/09-0843.1},
	url = {https://doi.org/10.1890%2F09-0843.1},
	year = 2010,
	month = {jul},
	publisher = {Wiley-Blackwell},
	volume = {91},
	number = {7},
	pages = {2172-2184},
	author = {Dominique Gravel and Fr{\'{e}}d{\'{e}}ric Guichard and Michel Loreau and Nicolas Mouquet},
	title = {Source and sink dynamics in meta-ecosystems},
	journal = {Ecology}
}