@article{ID77955184441,
	doi = {10.2981/09-060},
	url = {https://doi.org/10.2981%2F09-060},
	year = 2010,
	month = {jun},
	publisher = {Wildlife Biology},
	volume = {16},
	number = {2},
	pages = {123-134},
	author = {Jennifer Stien and Nigel G. Yoccoz and Rolf A. Ims},
	title = {Nest predation in declining populations of common eiders Somateria mollissima: An experimental evaluation of the role of hooded crows Corvus cornix},
	journal = {Wildlife Biology}
}