@article{ID77953173984,
	doi = {10.1111/j.1472-4642.2010.00645.x},
	url = {https://doi.org/10.1111%2Fj.1472-4642.2010.00645.x},
	year = 2010,
	month = {apr},
	publisher = {Wiley-Blackwell},
	volume = {16},
	number = {3},
	pages = {461-475},
	author = {Wilfried Thuiller and Laure Gallien and Isabelle Boulangeat and Francesco De Bello and Tamara Münkemüller and Cristina Roquet and S{\'{e}}bastien Lavergne},
	title = {Resolving Darwin's naturalization conundrum: A quest for evidence},
	journal = {Diversity and Distributions}
}