@article{ID77957372319,
	doi = {10.1007/s00705-010-0750-9},
	url = {https://doi.org/10.1007%2Fs00705-010-0750-9},
	year = 2010,
	month = {aug},
	publisher = {Springer Nature},
	volume = {155},
	number = {10},
	pages = {1655-1662},
	author = {A. Megali and G. Yannic and M.-L. Zahno and D. Br√ºgger and G. Bertoni and P. Christe and R. Zanoni},
	title = {Surveillance for European bat lyssavirus in Swiss bats},
	journal = {Archives of Virology}
}