@article{ID77950138354,
	doi = {10.1890/08-0780.1},
	url = {https://doi.org/10.1890%2F08-0780.1},
	year = 2010,
	month = {mar},
	publisher = {Wiley-Blackwell},
	volume = {20},
	number = {2},
	pages = {381-397},
	author = {Ricardo M. Holdo and Kathleen A. Galvin and Eli Knapp and Stephen Polasky and Ray Hilborn and Robert D. Holt},
	title = {Responses to alternative rainfall regimes and antipoaching in a migratory system},
	journal = {Ecological Applications}
}