@article{ID77954100531,
	doi = {10.3354/meps08482},
	url = {https://doi.org/10.3354%2Fmeps08482},
	year = 2010,
	month = {mar},
	publisher = {Inter-Research Science Center},
	volume = {403},
	pages = {279-290},
	author = {JP Heath and HG Gilchrist},
	title = {When foraging becomes unprofitable: Energetics of diving in tidal currents by common eiders wintering in the Arctic},
	journal = {Marine Ecology Progress Series}
}