@article{ID77956934819,
	doi = {10.1098/rspb.2010.0342},
	url = {https://doi.org/10.1098%2Frspb.2010.0342},
	year = 2010,
	month = {may},
	publisher = {The Royal Society},
	volume = {277},
	number = {1697},
	pages = {3113-3121},
	author = {J. J. Dennehy and N. A. Friedenberg and R. C. McBride and R. D. Holt and P. E. Turner},
	title = {Experimental evidence that source genetic variation drives pathogen emergence},
	journal = {Proceedings of the Royal Society B: Biological Sciences}
}