@article{ID77951974936,
	doi = {10.1016/j.ygcen.2009.12.017},
	url = {https://doi.org/10.1016%2Fj.ygcen.2009.12.017},
	year = 2010,
	month = {may},
	publisher = {Elsevier {BV}},
	volume = {166},
	number = {3},
	pages = {614-619},
	author = {Michael J. Sheriff and Charles J. Krebs and Rudy Boonstra},
	title = {Assessing stress in animal populations: Do fecal and plasma glucocorticoids tell the same story?},
	journal = {General and Comparative Endocrinology}
}