@article{ID77955633205,
	doi = {10.1086/655426},
	url = {https://doi.org/10.1086%2F655426},
	year = 2010,
	month = {sep},
	publisher = {University of Chicago Press},
	volume = {176},
	number = {3},
	pages = {289-302},
	author = {Dominique Gravel and Nicolas Mouquet and Michel Loreau and Fr{\'{e}}d{\'{e}}ric Guichard},
	title = {Patch dynamics, persistence, and species coexistence in metaecosystems},
	journal = {The American Naturalist}
}