@article{ID77955092223,
	doi = {10.1016/j.biocon.2010.05.013},
	url = {https://doi.org/10.1016%2Fj.biocon.2010.05.013},
	year = 2010,
	month = {sep},
	publisher = {Elsevier {BV}},
	volume = {143},
	number = {9},
	pages = {2054-2062},
	author = {Svein-H{\aa}kon Lorentsen and Kjersti Sj{\o}tun and David Gr{\'{e}}millet},
	title = {Multi-trophic consequences of kelp harvest},
	journal = {Biological Conservation}
}