@article{ID77950987328,
	doi = {10.2980/17-1-3279},
	url = {https://doi.org/10.2980%2F17-1-3279},
	year = 2010,
	month = {mar},
	publisher = {Informa {UK} Limited},
	volume = {17},
	number = {1},
	pages = {9-19},
	author = {Lo√Øc Val{\'{e}}ry and Marie-Christine Cadieux and Gilles Gauthier},
	title = {Spatial heterogeneity of primary production as both cause and consequence of foraging patterns of an expanding greater snow goose colony},
	journal = {{\'{E}}coscience}
}