@article{ID77956719523,
	doi = {10.1111/j.1600-048x.2010.05125.x},
	url = {https://doi.org/10.1111%2Fj.1600-048x.2010.05125.x},
	year = 2010,
	month = {aug},
	publisher = {Wiley-Blackwell},
	volume = {41},
	number = {5},
	pages = {532-542},
	author = {Olivier Gilg and Hallvard Str{\o}m and Adrian Aebischer and Maria V. Gavrilo and Andrei E. Volkov and Cecilie Miljeteig and Brigitte Sabard},
	title = {Post-breeding movements of northeast Atlantic ivory gull Pagophila eburnea populations},
	journal = {Journal of Avian Biology}
}