@incollection{ID77954727849,
	doi = {10.1007/978-3-540-92160-8_12},
	url = {https://doi.org/10.1007%2F978-3-540-92160-8_12},
	year = 2009,
	month = {nov},
	publisher = {Springer Berlin Heidelberg},
	pages = {217-236},
	author = {Allan D. McDevitt and Glenn Yannic and Ramugondo V. Rambau and Thomas J. Hayden and Jeremy B. Searle},
	title = {Postglacial recolonization of continental Europe by the pygmy shrew (Sorex minutus) inferred from mitochondrial and y chromosomal DNA sequences},
	booktitle = {Relict Species},
	journal = {Relict Species: Phylogeography and Conservation Biology}
}