@article{ID77649338855,
	doi = {10.1007/s00227-009-1339-2},
	url = {https://doi.org/10.1007%2Fs00227-009-1339-2},
	year = 2009,
	month = {dec},
	publisher = {Springer Nature},
	volume = {157},
	number = {3},
	pages = {537-544},
	author = {Lorien Pichegru and Peter G. Ryan and Robert J. M. Crawford and Carl D. van der Lingen and David Gr{\'{e}}millet},
	title = {Behavioural inertia places a top marine predator at risk from environmental change in the Benguela upwelling system},
	journal = {Marine Biology}
}