@article{ID77957742274,
	doi = {10.3354/meps08721},
	url = {https://doi.org/10.3354%2Fmeps08721},
	year = 2010,
	month = {sep},
	publisher = {Inter-Research Science Center},
	volume = {414},
	pages = {293-302},
	author = {J Fort and Y Cherel and AMA Harding and J Welcker and D Jakubas and H Steen and NJ Karnovsky and D Gr{\'{e}}millet},
	title = {Geographic and seasonal variability in the isotopic niche of little auks},
	journal = {Marine Ecology Progress Series}
}