@article{ID77956301458,
	doi = {10.1111/j.1654-1103.2010.01201.x},
	url = {https://doi.org/10.1111%2Fj.1654-1103.2010.01201.x},
	year = 2010,
	month = {sep},
	publisher = {Wiley-Blackwell},
	volume = {21},
	number = {5},
	pages = {949-964},
	author = {J. Lenoir and J. C. G{\'{e}}gout and J. L. Dupouey and D. Bert and J.-C. Svenning},
	title = {Forest plant community changes during 1989-2007 in response to climate warming in the Jura Mountains (France and Switzerland)},
	journal = {Journal of Vegetation Science}
}