@article{ID77954405225,
	doi = {10.2980/17-2-3333},
	url = {https://doi.org/10.2980%2F17-2-3333},
	year = 2010,
	month = {jun},
	publisher = {Informa {UK} Limited},
	volume = {17},
	number = {2},
	pages = {123-136},
	author = {{\AA}shild {\O}. Pedersen and Rolf A. Ims and Nigel G. Yoccoz and Vera H. Hausner and Kristoffer H. Juell},
	title = {Scale-dependent responses of predators and their prey to spruce plantations in subarctic birch forests in winter},
	journal = {{\'{E}}coscience}
}