@article{ID77954864997,
	doi = {10.1016/j.foreco.2010.04.020},
	url = {https://doi.org/10.1016%2Fj.foreco.2010.04.020},
	year = 2010,
	month = {jun},
	publisher = {Elsevier {BV}},
	volume = {260},
	number = {3},
	pages = {331-338},
	author = {{\AA}shild {\O}. Pedersen and Nigel G. Yoccoz and Rolf A. Ims and Therese Sigurdsen},
	title = {Effects of non-native spruce plantations on small mammal communities in subarctic birch forests},
	journal = {Forest Ecology and Management}
}