@article{ID77958501791,
	doi = {10.1111/j.1600-0587.2010.06279.x},
	url = {https://doi.org/10.1111%2Fj.1600-0587.2010.06279.x},
	year = 2010,
	month = {apr},
	publisher = {Wiley-Blackwell},
	author = {Jonathan Lenoir and Jean-Claude G{\'{e}}gout and Antoine Guisan and Pascal Vittoz and Thomas Wohlgemuth and Niklaus E. Zimmermann and Stefan Dullinger and Harald Pauli and Wolfgang Willner and Jens-Christian Svenning},
	title = {Going against the flow: Potential mechanisms for unexpected downslope range shifts in a warming climate},
	journal = {Ecography},
	volume = {33},
	number = {2},
	pages = {295-303}
}