@incollection{ID77956817093,
	doi = {10.1016/s0065-2504(08)60280-9},
	url = {https://doi.org/10.1016%2Fs0065-2504%2808%2960280-9},
	year = 1974,
	publisher = {Elsevier},
	pages = {267-399},
	author = {Charles J. Krebs and Judith H. Myers},
	title = {Population Cycles in Small Mammals},
	booktitle = {Advances in Ecological Research Volume 8},
	volume = {8},
	number = {C},
	journal = {Advances in Ecological Research}
}