@article{ID77954009290,
	doi = {10.1111/j.1365-2656.2010.01673.x},
	url = {https://doi.org/10.1111%2Fj.1365-2656.2010.01673.x},
	year = 2010,
	month = {may},
	publisher = {Wiley-Blackwell},
	volume = {79},
	number = {3},
	pages = {701-708},
	author = {Tino Schott and Snorre B. Hagen and Rolf A. Ims and Nigel G. Yoccoz},
	title = {Are population outbreaks in sub-arctic geometrids terminated by larval parasitoids?},
	journal = {Journal of Animal Ecology}
}