@article{ID77149127684,
	doi = {10.1560/ijee.55.3.189},
	url = {https://doi.org/10.1560%2Fijee.55.3.189},
	year = 2009,
	month = {jan},
	publisher = {Brill Academic Publishers},
	volume = {55},
	number = {3},
	pages = {189-198},
	author = {Robert D. Holt},
	title = {IJEE soapbox: Darwin, malthus, and movement: A hidden assumption in the demographic foundations of evolution},
	journal = {Israel Journal of Ecology {\&} Evolution}
}