@article{ID77949565772,
	doi = {10.3356/jrr-09-38.1},
	url = {https://doi.org/10.3356%2Fjrr-09-38.1},
	year = 2010,
	month = {mar},
	publisher = {The Raptor Research Foundation, Inc.},
	volume = {44},
	number = {1},
	pages = {66-69},
	author = {Ivan Pokrovsky and Nicolas Lecomte and Alexander Sokolov and Vasiliy Sokolov and Nigel G. Yoccoz},
	title = {Peregrine Falcons kill a Gyrfalcon feeding on their nestling},
	journal = {Journal of Raptor Research}
}