@article{ID77952422561,
	doi = {10.1007/s00300-009-0734-y},
	url = {https://doi.org/10.1007%2Fs00300-009-0734-y},
	year = 2009,
	month = {oct},
	publisher = {Springer Nature},
	volume = {33},
	number = {5},
	pages = {589-597},
	author = {Signe N. Christensen-Dalsgaard and Jon Aars and Magnus Andersen and Christina Lockyer and Nigel G. Yoccoz},
	title = {Accuracy and precision in estimation of age of Norwegian Arctic polar bears (Ursus maritimus) using dental cementum layers from known-age individuals},
	journal = {Polar Biology}
}