@article{ID77957730284,
	doi = {10.1890/09-1108.1},
	url = {https://doi.org/10.1890%2F09-1108.1},
	year = 2010,
	month = {oct},
	publisher = {Wiley-Blackwell},
	volume = {91},
	number = {10},
	pages = {2983-2994},
	author = {Michael J. Sheriff and Charles J. Krebs and Rudy Boonstra},
	title = {The ghosts of predators past: Population cycles and the role of maternal programming under fluctuating predation risk},
	journal = {Ecology}
}