@article{ID77749270429,
	doi = {10.1371/journal.pone.0008932},
	url = {https://doi.org/10.1371%2Fjournal.pone.0008932},
	year = 2010,
	month = {jan},
	publisher = {Public Library of Science ({PLoS})},
	volume = {5},
	number = {1},
	pages = {e8932},
	author = {Jacob Nabe-Nielsen and Richard M. Sibly and Mads C. Forchhammer and Valery E. Forbes and Christopher J. Topping},
	editor = {Sean Rands},
	title = {The effects of landscape modifications on the long-term persistence of animal populations},
	journal = {{PLoS} {ONE}}
}