@article{ID77749277161,
	doi = {10.1111/j.1365-294x.2009.04495.x},
	url = {https://doi.org/10.1111%2Fj.1365-294x.2009.04495.x},
	year = 2010,
	month = {jan},
	publisher = {Wiley-Blackwell},
	volume = {19},
	number = {4},
	pages = {647-657},
	author = {SARAH A. SONSTHAGEN and SANDY L. TALBOT and RICHARD B. LANCTOT and KEVIN G. MCCRACKEN},
	title = {Do common eiders nest in kin groups? Microgeographic genetic structure in a philopatric sea duck},
	journal = {Molecular Ecology}
}