@article{ID77949487844,
	doi = {10.1016/j.anbehav.2010.01.002},
	url = {https://doi.org/10.1016%2Fj.anbehav.2010.01.002},
	year = 2010,
	month = {apr},
	publisher = {Elsevier {BV}},
	volume = {79},
	number = {4},
	pages = {911-916},
	author = {Nathalie Franceschi and Jean-Fran{\c{c}}ois Lema{\^{\i}}tre and Frank C{\'{e}}zilly and Lo√Øc Bollache},
	title = {Size-assortative pairing in Gammarus pulex (Crustacea: Amphipoda): a test of the prudent choice hypothesis},
	journal = {Animal Behaviour}
}