@article{ID77952582163,
	doi = {10.1007/s10344-009-0304-1},
	url = {https://doi.org/10.1007%2Fs10344-009-0304-1},
	year = 2009,
	month = {aug},
	publisher = {Springer Nature},
	volume = {56},
	number = {3},
	pages = {221-232},
	author = {Kristin B. Klausen and {\AA}shild {\O}. Pedersen and N. G. Yoccoz and Rolf A. Ims},
	title = {Prevalence of nest predators in a sub-Arctic ecosystem},
	journal = {European Journal of Wildlife Research}
}