@article{ID77954114247,
	doi = {10.3354/cr00855},
	url = {https://doi.org/10.3354%2Fcr00855},
	year = 2010,
	month = {may},
	publisher = {Inter-Research Science Center},
	volume = {41},
	number = {3},
	pages = {259-265},
	author = {TT H{\o}ye and JU Hammel},
	title = {Climate change and altitudinal variation in sexual size dimorphism of Arctic wolf spiders},
	journal = {Climate Research}
}