@article{ID77955056712,
	doi = {10.1007/s10344-009-0349-1},
	url = {https://doi.org/10.1007%2Fs10344-009-0349-1},
	year = 2009,
	month = {dec},
	publisher = {Springer Nature},
	volume = {56},
	number = {4},
	pages = {577-582},
	author = {Jesper Madsen},
	title = {Age bias in the bag of pink-footed geese Anser brachyrhynchus: Influence of flocking behaviour on vulnerability},
	journal = {European Journal of Wildlife Research}
}