@article{ID77956562538,
	doi = {10.1111/j.1420-9101.2010.02076.x},
	url = {https://doi.org/10.1111%2Fj.1420-9101.2010.02076.x},
	year = 2010,
	month = {aug},
	publisher = {Wiley-Blackwell},
	volume = {23},
	number = {10},
	pages = {2143-2150},
	author = {N. FRANCESCHI and L. BOLLACHE and S. CORNET and A. BAUER and S. MOTREUIL and T. RIGAUD},
	title = {Co-variation between the intensity of behavioural manipulation and parasite development time in an acanthocephalan-amphipod system},
	journal = {Journal of Evolutionary Biology}
}