@article{ID77949270757,
	doi = {10.1007/s10021-009-9308-7},
	url = {https://doi.org/10.1007%2Fs10021-009-9308-7},
	year = 2010,
	month = {jan},
	publisher = {Springer Nature},
	volume = {13},
	number = {1},
	pages = {157-170},
	author = {V. T. Ravolainen and N. G. Yoccoz and K. A. Br{\aa}then and R. A. Ims and M. Iversen and V. T. Gonz{\'{a}}lez},
	title = {Additive partitioning of diversity reveals no scale-dependent impacts of large ungulates on the structure of tundra plant communities},
	journal = {Ecosystems}
}