@article{ID77956417431,
	doi = {10.1111/j.1365-2311.2010.01224.x},
	url = {https://doi.org/10.1111%2Fj.1365-2311.2010.01224.x},
	year = 2010,
	month = {jul},
	publisher = {Wiley-Blackwell},
	volume = {35},
	number = {5},
	pages = {623-638},
	author = {RIIKKA KAARTINEN and GRAHAM N. STONE and JACK HEARN and KONRAD LOHSE and TOMAS ROSLIN},
	title = {Revealing secret liaisons: DNA barcoding changes our understanding of food webs},
	journal = {Ecological Entomology}
}