@article{ID77953416223,
	doi = {10.1525/cond.2010.090050},
	url = {https://doi.org/10.1525%2Fcond.2010.090050},
	year = 2010,
	month = {may},
	publisher = {Cooper Ornithological Society},
	volume = {112},
	number = {2},
	pages = {294-303},
	author = {Arnaud B{\'{e}}chet and Jean-Fran{\c{c}}is Giroux and Gilles Gauthier and Marc B{\'{e}}lisle},
	title = {Why roost at the same place? Exploring short-term fidelity in staging Snow geese},
	journal = {The Condor}
}