@article{ID77956010740,
	doi = {10.1016/j.marpolbul.2010.05.017},
	url = {https://doi.org/10.1016%2Fj.marpolbul.2010.05.017},
	year = 2010,
	month = {sep},
	publisher = {Elsevier {BV}},
	volume = {60},
	number = {9},
	pages = {1406-1411},
	author = {Jennifer F. Provencher and Anthony J. Gaston and Mark L. Mallory and Patrick D. O'hara and H. Grant Gilchrist},
	title = {Ingested plastic in a diving seabird, the thick-billed murre (Uria lomvia), in the eastern Canadian Arctic},
	journal = {Marine Pollution Bulletin}
}