@article{ID77952925491,
	doi = {10.1111/j.1365-2745.2010.01651.x},
	url = {https://doi.org/10.1111%2Fj.1365-2745.2010.01651.x},
	year = 2010,
	month = {may},
	publisher = {Wiley-Blackwell},
	volume = {98},
	number = {3},
	pages = {604-613},
	author = {C{\'{e}}cile H{\'{e}}l{\`{e}}ne Albert and Wilfried Thuiller and Nigel Gilles Yoccoz and Alex Soudant and Florian Boucher and Patrick Saccone and Sandra Lavorel},
	title = {Intraspecific functional variability: Extent, structure and sources of variation},
	journal = {Journal of Ecology}
}