@article{ID77954395196,
	doi = {10.1111/j.1751-8369.2009.00120.x},
	url = {https://doi.org/10.1111%2Fj.1751-8369.2009.00120.x},
	year = 2009,
	month = {jan},
	publisher = {Informa {UK} Limited},
	volume = {28},
	number = {3},
	pages = {376-389},
	author = {Jesper Madsen and Ingunn Tombre and Nina E. Eide},
	title = {Effects of disturbance on geese in Svalbard: Implications for regulating increasing tourism},
	journal = {Polar Research}
}