@article{ID77958053656,
	doi = {10.1098/rstb.2010.0148},
	url = {https://doi.org/10.1098%2Frstb.2010.0148},
	year = 2010,
	month = {sep},
	publisher = {The Royal Society},
	volume = {365},
	number = {1555},
	pages = {3177-3186},
	author = {A. J. Miller-Rushing and T. T. Hoye and D. W. Inouye and E. Post},
	title = {The effects of phenological mismatches on demography},
	journal = {Philosophical Transactions of the Royal Society B: Biological Sciences}
}