@article{ID77957961612,
	doi = {10.3390/d2040450},
	url = {https://doi.org/10.3390%2Fd2040450},
	year = 2010,
	month = {mar},
	publisher = {{MDPI} {AG}},
	volume = {2},
	number = {4},
	pages = {450-472},
	author = {Adriana E. Radulovici and Philippe Archambault and France Dufresne},
	title = {DNA barcodes for marine biodiversity: Moving fast forward?},
	journal = {Diversity}
}