@article{ID77952553516,
	doi = {10.1007/s00300-009-0746-7},
	url = {https://doi.org/10.1007%2Fs00300-009-0746-7},
	year = 2009,
	month = {dec},
	publisher = {Springer Nature},
	volume = {33},
	number = {6},
	pages = {725-736},
	author = {Nicolas Gruyer and Gilles Gauthier and Dominique Berteaux},
	title = {Demography of two lemming species on Bylot Island, Nunavut, Canada},
	journal = {Polar Biology}
}