@article{ID77649261235,
	doi = {10.1371/journal.pone.0008711},
	url = {https://doi.org/10.1371%2Fjournal.pone.0008711},
	year = 2010,
	month = {jan},
	publisher = {Public Library of Science ({PLoS})},
	volume = {5},
	number = {1},
	pages = {e8711},
	author = {Mark A. Genung and Jean-Philippe Lessard and Claire B. Brown and Windy A. Bunn and Melissa A. Cregger and Wm. Nicholas Reynolds and Emmi Felker-Quinn and Mary L. Stevenson and Amanda S. Hartley and Gregory M. Crutsinger and Jennifer A. Schweitzer and Joseph K. Bailey},
	editor = {Jane Catherine Stout},
	title = {Non-additive effects of genotypic diversity increase floral abundance and abundance of floral visitors},
	journal = {{PLoS} {ONE}}
}