@article{ID77957800164,
	doi = {10.1371/journal.pone.0012182},
	url = {https://doi.org/10.1371%2Fjournal.pone.0012182},
	year = 2010,
	month = {aug},
	publisher = {Public Library of Science ({PLoS})},
	volume = {5},
	number = {8},
	pages = {e12182},
	author = {Philippe Archambault and Paul V. R. Snelgrove and Jonathan A. D. Fisher and Jean-Marc Gagnon and David J. Garbary and Michel Harvey and Ellen L. Kenchington and V{\'{e}}ronique Lesage and M{\'{e}}lanie Levesque and Connie Lovejoy and David L. Mackas and Christopher W. McKindsey and John R. Nelson and Pierre Pepin and Laurence Pich{\'{e}} and Michel Poulin},
	editor = {Tamara Natasha Romanuk},
	title = {From sea to sea: Canada's three oceans of biodiversity},
	journal = {{PLoS} {ONE}}
}