@article{ID77949775381,
	doi = {10.1007/s00442-009-1443-5},
	url = {https://doi.org/10.1007%2Fs00442-009-1443-5},
	year = 2009,
	month = {sep},
	publisher = {Springer Nature},
	volume = {162},
	number = {1},
	pages = {261-271},
	author = {Robert B. Weladji and {\O}ystein Holand and Jean-Michel Gaillard and Nigel G. Yoccoz and Atle Mysterud and Mauri Nieminen and Nils C. Stenseth},
	title = {Age-specific changes in different components of reproductive output in female reindeer: Terminal allocation or senescence?},
	journal = {Oecologia}
}