@article{ID77956569329,
	doi = {10.1098/rsbl.2009.1002},
	url = {https://doi.org/10.1098%2Frsbl.2009.1002},
	year = 2010,
	month = {jan},
	publisher = {The Royal Society},
	volume = {6},
	number = {4},
	pages = {566-569},
	author = {S. B. Hagen and J. U. Jepsen and T. Schott and R. A. Ims},
	title = {Spatially mismatched trophic dynamics: Cyclically outbreaking geometrids and their larval parasitoids},
	journal = {Biology Letters}
}