@article{ID77956569101,
	doi = {10.1890/09-1816.1},
	url = {https://doi.org/10.1890%2F09-1816.1},
	year = 2010,
	month = {sep},
	publisher = {Wiley-Blackwell},
	volume = {91},
	number = {9},
	pages = {2673-2683},
	author = {Quinn E. Fletcher and Stan Boutin and Jeffrey E. Lane and Jalene M. LaMontagne and Andrew G. McAdam and Charles J. Krebs and Murray M. Humphries},
	title = {The functional response of a hoarding seed predator to mast seeding},
	journal = {Ecology}
}