@article{ID77649339973,
	doi = {10.1016/j.beproc.2010.01.017},
	url = {https://doi.org/10.1016%2Fj.beproc.2010.01.017},
	year = 2010,
	month = {mar},
	publisher = {Elsevier {BV}},
	volume = {83},
	number = {3},
	pages = {324-330},
	author = {Pierre Legagneux and Marc Th{\'{e}}ry and Matthieu Guillemain and Doris Gomez and Vincent Bretagnolle},
	title = {Condition dependence of iridescent wing flash-marks in two species of dabbling ducks},
	journal = {Behavioural Processes}
}