@article{ID77955556020,
	doi = {10.1016/j.csr.2010.04.010},
	url = {https://doi.org/10.1016%2Fj.csr.2010.04.010},
	year = 2010,
	month = {jul},
	publisher = {Elsevier {BV}},
	volume = {30},
	number = {12},
	pages = {1302-1313},
	author = {R{\'{e}}nald Belley and Philippe Archambault and Bjorn Sundby and Franck Gilbert and Jean-Marc Gagnon},
	title = {Effects of hypoxia on benthic macrofauna and bioturbation in the Estuary and Gulf of St. Lawrence, Canada},
	journal = {Continental Shelf Research}
}