@article{ID77954656575,
	doi = {10.1007/s00300-010-0791-2},
	url = {https://doi.org/10.1007%2Fs00300-010-0791-2},
	year = 2010,
	month = {mar},
	publisher = {Springer Nature},
	volume = {33},
	number = {8},
	pages = {1149-1153},
	author = {Paul A. Smith and Kyle H. Elliott and Anthony J. Gaston and H. Grant Gilchrist},
	title = {Has early ice clearance increased predation on breeding birds by polar bears?},
	journal = {Polar Biology}
}