@article{ID77649277020,
	doi = {10.1071/wr09046},
	url = {https://doi.org/10.1071%2Fwr09046},
	year = 2010,
	publisher = {{CSIRO} Publishing},
	volume = {37},
	number = {1},
	pages = {57},
	author = {J. E. Kinnear and C. J. Krebs and C. Pentland and P. Orell and C. Holme and R. Karvinen},
	title = {Predator-baiting experiments for the conservation of rock-wallabies in Western Australia: A 25-year review with recent advances},
	journal = {Wildlife Research}
}