@article{ID77953702285,
	doi = {10.1016/j.scitotenv.2010.03.027},
	url = {https://doi.org/10.1016%2Fj.scitotenv.2010.03.027},
	year = 2010,
	month = {jul},
	publisher = {Elsevier {BV}},
	volume = {408},
	number = {16},
	pages = {3153-3161},
	author = {Anna L. Hargreaves and Douglas P. Whiteside and Grant Gilchrist},
	title = {Concentrations of 17 elements, including mercury, and their relationship to fitness measures in arctic shorebirds and their eggs},
	journal = {Science of The Total Environment}
}