@article{ID77956398618,
	doi = {10.1371/journal.pone.0010360},
	url = {https://doi.org/10.1371%2Fjournal.pone.0010360},
	year = 2010,
	month = {apr},
	publisher = {Public Library of Science ({PLoS})},
	volume = {5},
	number = {4},
	pages = {e10360},
	author = {Naia Morueta-Holme and Camilla Fl{\o}jgaard and Jens-Christian Svenning},
	editor = {Stephen Willis},
	title = {Climate change risks and conservation implications for a threatened small-range mammal species},
	journal = {{PLoS} {ONE}}
}