@article{ID77953172057,
	doi = {10.1111/j.1472-4642.2010.00652.x},
	url = {https://doi.org/10.1111%2Fj.1472-4642.2010.00652.x},
	year = 2010,
	month = {apr},
	publisher = {Wiley-Blackwell},
	volume = {16},
	number = {3},
	pages = {331-342},
	author = {Laure Gallien and Tamara Münkemüller and C{\'{e}}cile H. Albert and Isabelle Boulangeat and Wilfried Thuiller},
	title = {Predicting potential distributions of invasive species: Where to go from here?},
	journal = {Diversity and Distributions}
}