@article{ID77954527724,
	doi = {10.1007/s00360-010-0463-0},
	url = {https://doi.org/10.1007%2Fs00360-010-0463-0},
	year = 2010,
	month = {mar},
	publisher = {Springer Nature},
	volume = {180},
	number = {6},
	pages = {847-856},
	author = {Magali Petit and Fran{\c{c}}ois V{\'{e}}zina and Theunis Piersma},
	title = {Ambient temperature does not affect fuelling rate in absence of digestive constraints in long-distance migrant shorebird fuelling up in captivity},
	journal = {Journal of Comparative Physiology B}
}