@article{ID77957657839,
	doi = {10.1111/j.1365-2656.2010.01683.x},
	url = {https://doi.org/10.1111%2Fj.1365-2656.2010.01683.x},
	year = 2010,
	month = {mar},
	publisher = {Wiley-Blackwell},
	author = {Gilles Gauthier and Emmanuel Milot and Henri Weimerskirch},
	title = {Small-scale dispersal and survival in a long-lived seabird, the wandering albatross},
	journal = {Journal of Animal Ecology},
	volume = {79},
	number = {4},
	pages = {879-887}
}