@article{ID77649284166,
	doi = {10.1111/j.1600-048x.2009.04763.x},
	url = {https://doi.org/10.1111%2Fj.1600-048x.2009.04763.x},
	year = 2010,
	month = {jan},
	publisher = {Wiley-Blackwell},
	volume = {41},
	number = {1},
	pages = {88-93},
	author = {Fran{\c{c}}ois V{\'{e}}zina and Anne Dekinga and Theunis Piersma},
	title = {Phenotypic compromise in the face of conflicting ecological demands: An example in red knots Calidris canutus},
	journal = {Journal of Avian Biology}
}