@article{ID77649272357,
	doi = {10.1111/j.1654-1103.2009.01098.x},
	url = {https://doi.org/10.1111%2Fj.1654-1103.2009.01098.x},
	year = 2009,
	month = {dec},
	publisher = {Wiley-Blackwell},
	volume = {20},
	number = {6},
	pages = {996-1008},
	author = {Christophe F. Randin and H{\'{e}}l{\`{e}}ne Jaccard and Pascal Vittoz and Nigel G. Yoccoz and Antoine Guisan},
	title = {Land use improves spatial predictions of mountain plant abundance but not presence-absence},
	journal = {Journal of Vegetation Science}
}