@article{ID77955463185,
	doi = {10.1890/09-0080.1},
	url = {https://doi.org/10.1890%2F09-0080.1},
	year = 2010,
	month = {aug},
	publisher = {Wiley-Blackwell},
	volume = {91},
	number = {8},
	pages = {2253-2260},
	author = {Ayco J. M. Tack and Tomas Roslin},
	title = {Overrun by the neighbors: Landscape context affects strength and sign of local adaptation},
	journal = {Ecology}
}