@article{ID77954989146,
	doi = {10.1560/ijee.55.4.307},
	url = {https://doi.org/10.1560%2Fijee.55.4.307},
	year = 2009,
	month = {jan},
	publisher = {Brill Academic Publishers},
	volume = {55},
	number = {4},
	pages = {307-313},
	author = {Robert D. Holt},
	title = {IJEE soapbox: Ecology and evolution as professions, and as liberal arts},
	journal = {Israel Journal of Ecology {\&} Evolution}
}