@article{ID77956074966,
	doi = {10.1676/09-170.1},
	url = {https://doi.org/10.1676%2F09-170.1},
	year = 2010,
	month = {sep},
	publisher = {Wilson Ornithological Society},
	volume = {122},
	number = {3},
	pages = {475-483},
	author = {Daniel M. Hinnebusch and Jean-Fran{\c{c}}ois Therrien and Marc-Andr{\'{e}} Valiquette and Bob Robertson and Sue Robertson and Keith L. Bildstein},
	title = {Survival, site fidelity, and population trends of American Kestrels wintering in Southwestern Florida},
	journal = {The Wilson Journal of Ornithology}
}