@article{ID77149138025,
	doi = {10.1126/science.327.5968.959},
	url = {https://doi.org/10.1126%2Fscience.327.5968.959},
	year = 2010,
	month = {feb},
	publisher = {American Association for the Advancement of Science ({AAAS})},
	volume = {327},
	number = {5968},
	pages = {959-959},
	title = {Erratum:Explaining Bird Migration(Science(276))},
	journal = {Science}
}