@article{ID77049105140,
	doi = {10.1007/s11104-009-0119-6},
	url = {https://doi.org/10.1007%2Fs11104-009-0119-6},
	year = 2009,
	month = {aug},
	publisher = {Springer Nature},
	volume = {328},
	number = {1-2},
	pages = {397-410},
	author = {Florence Baptist and Nigel G. Yoccoz and Philippe Choler},
	title = {Direct and indirect control by snow cover over decomposition in alpine tundra along a snowmelt gradient},
	journal = {Plant and Soil}
}