@article{ID77951269170,
	doi = {10.1644/09-mamm-a-005.1},
	url = {https://doi.org/10.1644%2F09-mamm-a-005.1},
	year = 2010,
	month = {apr},
	publisher = {Oxford University Press ({OUP})},
	volume = {91},
	number = {2},
	pages = {500-509},
	author = {Charles J. Krebs and Kevan Cowcill and Rudy Boonstra and Alice J. Kenney},
	title = {Do changes in berry crops drive population fluctuations in small rodents in the southwestern Yukon?},
	journal = {Journal of Mammalogy}
}