@article{ID77951726153,
	doi = {10.1139/z10-015},
	url = {https://doi.org/10.1139%2Fz10-015},
	year = 2010,
	month = {may},
	publisher = {Canadian Science Publishing},
	volume = {88},
	number = {5},
	pages = {436-447},
	author = {N. J. Singh and N. G. Yoccoz and N. Lecomte and S. D. C{\^{o}}t{\'{e}} and J. L. Fox},
	title = {Scale and selection of habitat and resources: Tibetan argali (Ovis ammon hodgsoni) in highaltitude rangelands},
	journal = {Canadian Journal of Zoology}
}