@article{ID77958129806,
	doi = {10.1098/rspb.2010.0738},
	url = {https://doi.org/10.1098%2Frspb.2010.0738},
	year = 2010,
	month = {jun},
	publisher = {The Royal Society},
	volume = {277},
	number = {1698},
	pages = {3307-3315},
	author = {J. L. Orrock and M. L. Baskett and R. D. Holt},
	title = {Spatial interplay of plant competition and consumer foraging mediate plant coexistence and drive the invasion ratchet},
	journal = {Proceedings of the Royal Society B: Biological Sciences}
}