@article{ID77954688884,
	doi = {10.1007/s00300-010-0780-5},
	url = {https://doi.org/10.1007%2Fs00300-010-0780-5},
	year = 2010,
	month = {mar},
	publisher = {Springer Nature},
	volume = {33},
	number = {8},
	pages = {1021-1026},
	author = {Arnaud Tarroux and Dominique Berteaux and JoÃ«l B{\^{e}}ty},
	title = {Northern nomads: Ability for extensive movements in adult arctic foxes},
	journal = {Polar Biology}
}