@article{ID77956445141,
	doi = {10.1890/09-1586.1},
	url = {https://doi.org/10.1890%2F09-1586.1},
	year = 2010,
	month = {sep},
	publisher = {Wiley-Blackwell},
	volume = {20},
	number = {6},
	pages = {1498-1503},
	author = {David Gr{\'{e}}millet and Anne Charmantier},
	title = {Shifts in phenotypic plasticity constrain the value of seabirds as ecological indicators of marine ecosystems},
	journal = {Ecological Applications}
}