@article{ID77949892839,
	doi = {10.1111/j.1461-0248.2009.01433.x},
	url = {https://doi.org/10.1111%2Fj.1461-0248.2009.01433.x},
	year = 2010,
	month = {mar},
	publisher = {Wiley-Blackwell},
	volume = {13},
	number = {3},
	pages = {383-393},
	author = {Sofia Gripenberg and Peter J. Mayhew and Mark Parnell and Tomas Roslin},
	title = {A meta-analysis of preference-performance relationships in phytophagous insects},
	journal = {Ecology Letters}
}