@article{ID77953081201,
	doi = {10.1242/jeb.036319},
	url = {https://doi.org/10.1242%2Fjeb.036319},
	year = 2010,
	month = {may},
	publisher = {The Company of Biologists},
	volume = {213},
	number = {12},
	pages = {1991-2000},
	author = {K. G. Salvante and F. Vezina and T. D. Williams},
	title = {Evidence for within-individual energy reallocation in cold-challenged, egg-producing birds},
	journal = {Journal of Experimental Biology}
}