@article{ID78650135986,
	doi = {10.1111/j.1474-919x.2010.01068.x},
	url = {https://doi.org/10.1111%2Fj.1474-919x.2010.01068.x},
	year = 2010,
	month = {oct},
	publisher = {Wiley-Blackwell},
	volume = {153},
	number = {1},
	pages = {170-174},
	author = {CRAIG R. WHITE and DAVID BOERTMANN and DAVID GR{\'{E}}MILLET and PATRICK J. BUTLER and JONATHAN A. GREEN and GRAHAM R. MARTIN},
	title = {The relationship between sea surface temperature and population change of Great Cormorants Phalacrocorax carbo breeding near Disko Bay, Greenland},
	journal = {Ibis}
}