@article{ID78651090018,
	doi = {10.1371/journal.pone.0015734},
	url = {https://doi.org/10.1371%2Fjournal.pone.0015734},
	year = 2010,
	month = {dec},
	publisher = {Public Library of Science ({PLoS})},
	volume = {5},
	number = {12},
	pages = {e15734},
	author = {Jonathan Lenoir and Jean-Claude G{\'{e}}gout and Antoine Guisan and Pascal Vittoz and Thomas Wohlgemuth and Niklaus E. Zimmermann and Stefan Dullinger and Harald Pauli and Wolfgang Willner and John-Arvid Grytnes and Risto Virtanen and Jens-Christian Svenning},
	editor = {Jon Moen},
	title = {Cross-scale analysis of the region effect on vascular plant species diversity in southern and northern european mountain ranges},
	journal = {{PLoS} {ONE}}
}