@article{ID78651380191,
	doi = {10.1038/nature09630},
	url = {https://doi.org/10.1038%2Fnature09630},
	year = 2011,
	month = {jan},
	publisher = {Springer Nature},
	volume = {469},
	number = {7329},
	pages = {203-206},
	author = {Claire Saraux and C{\'{e}}line Le Bohec and JoÃ«l M. Durant and Vincent A. Viblanc and Michel Gauthier-Clerc and David Beaune and Young-Hyang Park and Nigel G. Yoccoz and Nils C. Stenseth and Yvon Le Maho},
	title = {Reliability of flipper-banded penguins as indicators of climate change},
	journal = {Nature}
}