@article{ID78649884769,
	doi = {10.1098/rsbl.2010.0151},
	url = {https://doi.org/10.1098%2Frsbl.2010.0151},
	year = 2010,
	month = {may},
	publisher = {The Royal Society},
	volume = {6},
	number = {6},
	pages = {769-772},
	author = {M. D. Weiser and N. J. Sanders and D. Agosti and A. N. Andersen and A. M. Ellison and B. L. Fisher and H. Gibb and N. J. Gotelli and A. D. Gove and K. Gross and B. Guenard and M. Janda and M. Kaspari and J.-P. Lessard and J. T. Longino and J. D. Majer and S. B. Menke and T. P. McGlynn and C. L. Parr and S. M. Philpott and J. Retana and A. V. Suarez and H. L. Vasconcelos and S. P. Yanoviak and R. R. Dunn},
	title = {Canopy and litter ant assemblages share similar climate-species density relationships},
	journal = {Biology Letters}
}