@article{ID78650382276,
	doi = {10.1111/j.1600-0587.2010.06421.x},
	url = {https://doi.org/10.1111%2Fj.1600-0587.2010.06421.x},
	year = 2010,
	month = {dec},
	publisher = {Wiley-Blackwell},
	volume = {33},
	number = {6},
	pages = {1028-1037},
	author = {C{\'{e}}cile H. Albert and Nigel G. Yoccoz and Thomas C. Edwards and Catherine H. Graham and Niklaus E. Zimmermann and Wilfried Thuiller},
	title = {Sampling in ecology and evolution - bridging the gap between theory and practice},
	journal = {Ecography}
}