@article{ID78651230167,
	doi = {10.1111/j.1600-0587.2010.06287.x},
	url = {https://doi.org/10.1111%2Fj.1600-0587.2010.06287.x},
	year = 2010,
	month = {may},
	publisher = {Wiley-Blackwell},
	pages = {no-no},
	author = {Rodrigo Vega and Camilla Fl{\o}jgaard and Andr{\'{e}}s Lira-Noriega and Yoshinori Nakazawa and Jens-Christian Svenning and Jeremy B. Searle},
	title = {Northern glacial refugia for the pygmy shrew sorex minutus in europe revealed by phylogeographic analyses and species distribution modelling},
	journal = {Ecography},
	volume = {33},
	number = {2}
}