@article{ID78049445887,
	doi = {10.1111/j.1600-0587.2009.05971.x},
	url = {https://doi.org/10.1111%2Fj.1600-0587.2009.05971.x},
	year = 2010,
	month = {feb},
	publisher = {Wiley-Blackwell},
	volume = {33},
	number = {5},
	pages = {932-941},
	author = {Ivar Herfindal and John D. C. Linnell and Bodil Elmhagen and Roy Andersen and Nina E. Eide and Karl Frafjord and Heikki Henttonen and Asko Kaikusalo and Matti Mela and Magnus Tannerfeldt and Love Dal{\'{e}}n and Olav Strand and Arild Landa and Anders Angerbj√∂rn},
	title = {Population persistence in a landscape context: The case of endangered arctic fox populations in Fennoscandia},
	journal = {Ecography}
}