@article{ID78650632223,
	doi = {10.1073/pnas.1015696107},
	url = {https://doi.org/10.1073%2Fpnas.1015696107},
	year = 2010,
	month = {nov},
	publisher = {Proceedings of the National Academy of Sciences},
	volume = {107},
	number = {51},
	pages = {21957-21962},
	author = {D. B. Lindenmayer and G. E. Likens and C. J. Krebs and R. J. Hobbs},
	title = {Improved probability of detection of ecological "surprises"},
	journal = {Proceedings of the National Academy of Sciences}
}