@article{ID78649540757,
	doi = {10.1111/j.1365-2435.2010.01727.x},
	url = {https://doi.org/10.1111%2Fj.1365-2435.2010.01727.x},
	year = 2010,
	month = {may},
	publisher = {Wiley-Blackwell},
	volume = {24},
	number = {6},
	pages = {1192-1201},
	author = {C{\'{e}}cile H{\'{e}}l{\`{e}}ne Albert and Wilfried Thuiller and Nigel Gilles Yoccoz and Rolland Douzet and Serge Aubert and Sandra Lavorel},
	title = {A multi-trait approach reveals the structure and the relative importance of intra- vs. interspecific variability in plant traits},
	journal = {Functional Ecology}
}