@article{ID78650276316,
	doi = {10.1139/z10-078},
	url = {https://doi.org/10.1139%2Fz10-078},
	year = 2010,
	month = {dec},
	publisher = {Canadian Science Publishing},
	volume = {88},
	number = {12},
	pages = {1139-1148},
	author = {E. Zeyl and D. Ehrich and J. Aars and L. Bachmann and {\O}. Wiig},
	title = {Denning-area fidelity and mitochondrial DNA diversity of female polar bears (Ursus maritimus) in the Barents sea},
	journal = {Canadian Journal of Zoology}
}