@article{ID78649990065,
	doi = {10.1111/j.1365-2656.2010.01744.x},
	url = {https://doi.org/10.1111%2Fj.1365-2656.2010.01744.x},
	year = 2010,
	month = {aug},
	publisher = {Wiley-Blackwell},
	volume = {80},
	number = {1},
	pages = {108-118},
	author = {Ayco J. M. Tack and Sofia Gripenberg and Tomas Roslin},
	title = {Can we predict indirect interactions from quantitative food webs? - An experimental approach},
	journal = {Journal of Animal Ecology}
}