@incollection{ID78650303999,
	doi = {10.1007/978-90-481-9121-5_13},
	url = {https://doi.org/10.1007%2F978-90-481-9121-5_13},
	year = 2010,
	publisher = {Springer Netherlands},
	pages = {267-289},
	author = {D. Henri and H. G. Gilchrist and E. Peacock},
	title = {Understanding and managing wildlife in hudson bay under a changing climate: Some recent contributions from inuit and cree ecological knowledge},
	booktitle = {A Little Less Arctic},
	journal = {A Little Less Arctic: Top Predators in the World's Largest Northern Inland Sea, Hudson Bay}
}