@article{ID78649265535,
	doi = {10.1657/1938-4246-42.4.471},
	url = {https://doi.org/10.1657%2F1938-4246-42.4.471},
	year = 2010,
	month = {nov},
	publisher = {Institute of Arctic and Alpine Research ({INSTAAR})},
	volume = {42},
	number = {4},
	pages = {471-475},
	author = {Niels M. Schmidt and Claudia Baittinger and Johannes Kollmann and Mads C. Forchhammer},
	title = {Consistent dendrochronological response of the dioecious Salix arctica to variation in local snow precipitation across gender and vegetation types},
	journal = {Arctic, Antarctic, and Alpine Research}
}