@article{ID78649236877,
	doi = {10.1560/ijee.56.1.1},
	url = {https://doi.org/10.1560%2Fijee.56.1.1},
	year = 2010,
	month = {jan},
	publisher = {Brill Academic Publishers},
	volume = {56},
	number = {1},
	pages = {1-7},
	author = {Robert D. Holt},
	title = {IJEE soapbox: Cooperation, competition, and the social organization Of the scientific enterprise},
	journal = {Israel Journal of Ecology {\&} Evolution}
}