@article{ID78649664210,
	doi = {10.1016/j.ympev.2010.09.015},
	url = {https://doi.org/10.1016%2Fj.ympev.2010.09.015},
	year = 2010,
	month = {dec},
	publisher = {Elsevier {BV}},
	volume = {57},
	number = {3},
	pages = {1062-1071},
	author = {G. Yannic and S. Dubey and J. Hausser and P. Basset},
	title = {Additional data for nuclear DNA give new insights into the phylogenetic position of Sorex granarius within the Sorex araneus group},
	journal = {Molecular Phylogenetics and Evolution}
}