@article{ID78650336780,
	doi = {10.1111/j.1600-0587.2010.06386.x},
	url = {https://doi.org/10.1111%2Fj.1600-0587.2010.06386.x},
	year = 2010,
	month = {nov},
	publisher = {Wiley-Blackwell},
	volume = {33},
	number = {6},
	pages = {1004-1014},
	author = {Lo√Øc Pellissier and Kari Anne Br{\aa}then and Julien Pottier and Christophe F. Randin and Pascal Vittoz and Anne Dubuis and Nigel G. Yoccoz and Torbj{\o}rn Alm and Niklaus E. Zimmermann and Antoine Guisan},
	title = {Species distribution models reveal apparent competitive and facilitative effects of a dominant species on the distribution of tundra plants},
	journal = {Ecography}
}