@article{ID78149415804,
	doi = {10.1016/j.jplph.2010.05.023},
	url = {https://doi.org/10.1016%2Fj.jplph.2010.05.023},
	year = 2010,
	month = {dec},
	publisher = {Elsevier {BV}},
	volume = {167},
	number = {18},
	pages = {1542-1549},
	author = {Kristian R. Albert and Teis N. Mikkelsen and Helge Ro-Poulsen and Anders Michelsen and Marie F. Arndal and Linda Bredahl and Kirsten B. H{\aa}kansson and Kristine Boesgaard and Niels Martin Schmidt},
	title = {Improved UV-B screening capacity does not prevent negative effects of ambient UV irradiance on PSII performance in High Arctic plants. Results from a six year UV exclusion study},
	journal = {Journal of Plant Physiology}
}