@article{ID78650978153,
	doi = {10.1038/nature09592},
	url = {https://doi.org/10.1038%2Fnature09592},
	year = 2010,
	month = {dec},
	publisher = {Springer Nature},
	volume = {469},
	number = {7328},
	pages = {89-92},
	author = {Dominique Gravel and Thomas Bell and Claire Barbera and Thierry Bouvier and Thomas Pommier and Patrick Venail and Nicolas Mouquet},
	title = {Experimental niche evolution alters the strength of the diversity-productivity relationship},
	journal = {Nature}
}