@article{ID78649856647,
	doi = {10.1038/nature09575},
	url = {https://doi.org/10.1038%2Fnature09575},
	year = 2010,
	month = {dec},
	publisher = {Springer Nature},
	volume = {468},
	number = {7324},
	pages = {647-652},
	author = {Felicia Keesing and Lisa K. Belden and Peter Daszak and Andrew Dobson and C. Drew Harvell and Robert D. Holt and Peter Hudson and Anna Jolles and Kate E. Jones and Charles E. Mitchell and Samuel S. Myers and Tiffany Bogich and Richard S. Ostfeld},
	title = {Impacts of biodiversity on the emergence and transmission of infectious diseases},
	journal = {Nature}
}