@article{ID78650323221,
	doi = {10.1111/j.1600-0587.2010.06229.x},
	url = {https://doi.org/10.1111%2Fj.1600-0587.2010.06229.x},
	year = 2010,
	month = {nov},
	publisher = {Wiley-Blackwell},
	volume = {33},
	number = {6},
	pages = {1038-1048},
	author = {Eliane S. Meier and Felix Kienast and Peter B. Pearman and Jens-Christian Svenning and Wilfried Thuiller and Miguel B. Ara{\'{u}}jo and Antoine Guisan and Niklaus E. Zimmermann},
	title = {Biotic and abiotic variables show little redundancy in explaining tree species distributions},
	journal = {Ecography}
}