@article{ID78650342253,
	doi = {10.1111/j.1600-0587.2010.06301.x},
	url = {https://doi.org/10.1111%2Fj.1600-0587.2010.06301.x},
	year = 2010,
	month = {nov},
	publisher = {Wiley-Blackwell},
	volume = {33},
	number = {6},
	pages = {1070-1080},
	author = {Jens-Christian Svenning and Matthew C. Fitzpatrick and Signe Normand and Catherine H. Graham and Peter B. Pearman and Louis R. Iverson and Flemming Skov},
	title = {Geography, topography, and history affect realized-to-potential tree species richness patterns in Europe},
	journal = {Ecography}
}