@article{ID78650630366,
	doi = {10.1525/cond.2010.090215},
	url = {https://doi.org/10.1525%2Fcond.2010.090215},
	year = 2010,
	month = {nov},
	publisher = {Cooper Ornithological Society},
	volume = {112},
	number = {4},
	pages = {731-743},
	author = {Matthew Johnson and Peter Clarkson and Michael I. Goldstein and Susan M. Haig and Richard B. Lanctot and David F. Tessler and Denny Zwiefelhofer},
	title = {Seasonal movements, winter range use, and migratory connectivity of the Black Oystercatcher},
	journal = {The Condor}
}