@article{ID78149308446,
	doi = {10.1111/j.1461-0248.2010.01515.x},
	url = {https://doi.org/10.1111%2Fj.1461-0248.2010.01515.x},
	year = 2010,
	month = {jul},
	publisher = {Wiley-Blackwell},
	volume = {13},
	number = {10},
	pages = {1310-1324},
	author = {John J. Wiens and David D. Ackerly and Andrew P. Allen and Brian L. Anacker and Lauren B. Buckley and Howard V. Cornell and Ellen I. Damschen and T. Jonathan Davies and John-Arvid Grytnes and Susan P. Harrison and Bradford A. Hawkins and Robert D. Holt and Christy M. McCain and Patrick R. Stephens},
	title = {Niche conservatism as an emerging principle in ecology and conservation biology},
	journal = {Ecology Letters}
}