@article{ID78650359994,
	doi = {10.1111/j.1600-0587.2010.06953.x},
	url = {https://doi.org/10.1111%2Fj.1600-0587.2010.06953.x},
	year = 2010,
	month = {dec},
	publisher = {Wiley-Blackwell},
	volume = {33},
	number = {6},
	pages = {985-989},
	author = {Niklaus E. Zimmermann and Thomas C. Edwards and Catherine H. Graham and Peter B. Pearman and Jens-Christian Svenning},
	title = {New trends in species distribution modelling},
	journal = {Ecography}
}