@article{ID78650476805,
	doi = {10.1111/j.1600-0587.2010.06273.x},
	url = {https://doi.org/10.1111%2Fj.1600-0587.2010.06273.x},
	year = 2010,
	month = {may},
	publisher = {Wiley-Blackwell},
	pages = {no-no},
	author = {Anne Blach-Overgaard and Jens-Christian Svenning and John Dransfield and Michelle Greve and Henrik Balslev},
	title = {Determinants of palm species distributions across Africa: The relative roles of climate, non-climatic environmental factors, and spatial constraints},
	journal = {Ecography},
	volume = {33},
	number = {2}
}