@article{ID78649719708,
	doi = {10.1086/657303},
	url = {https://doi.org/10.1086%2F657303},
	year = 2010,
	month = {dec},
	publisher = {University of Chicago Press},
	volume = {176},
	number = {6},
	pages = {838-840},
	author = {JoÃ«l B{\^{e}}ty and Gilles Gauthier and S{\'{e}}bastien Descamps and Jean-Fran{\c{c}}ois Giroux},
	title = {Correlation between sequential variables: A reply to schroeder et al.},
	journal = {The American Naturalist}
}