@article{ID79959287954,
	doi = {10.1371/journal.pone.0021265},
	url = {https://doi.org/10.1371%2Fjournal.pone.0021265},
	year = 2011,
	month = {jun},
	publisher = {Public Library of Science ({PLoS})},
	volume = {6},
	number = {6},
	pages = {e21265},
	author = {Antoine Collin and Phillippe Archambault and Bernard Long},
	editor = {Howard Browman},
	title = {Predicting species diversity of benthic communities within turbid nearshore using full-waveform bathymetric LiDAR and machine learners},
	journal = {{PLoS} {ONE}}
}