@article{ID79960412105,
	doi = {10.1111/j.1461-0248.2011.01643.x},
	url = {https://doi.org/10.1111%2Fj.1461-0248.2011.01643.x},
	year = 2011,
	month = {jun},
	publisher = {Wiley-Blackwell},
	volume = {14},
	number = {8},
	pages = {828-839},
	author = {Dominique Gravel and Fr{\'{e}}d{\'{e}}ric Guichard and Michael E. Hochberg},
	title = {Species coexistence in a variable world},
	journal = {Ecology Letters}
}