@article{ID79952703129,
	doi = {10.1007/s00300-010-0908-7},
	url = {https://doi.org/10.1007%2Fs00300-010-0908-7},
	year = 2010,
	month = {nov},
	publisher = {Springer Nature},
	volume = {34},
	number = {4},
	pages = {533-540},
	author = {John-Andr{\'{e}} Henden and Rolf Anker Ims and Nigel Gilles Yoccoz and Raymond S{\o}rensen and Siw Turid Killengreen},
	title = {Population dynamics of tundra voles in relation to configuration of willow thickets in southern arctic tundra},
	journal = {Polar Biology}
}