@article{ID79952069031,
	doi = {10.1016/j.ecolecon.2010.12.019},
	url = {https://doi.org/10.1016%2Fj.ecolecon.2010.12.019},
	year = 2011,
	month = {mar},
	publisher = {Elsevier {BV}},
	volume = {70},
	number = {5},
	pages = {910-920},
	author = {F. Barraquand and V. Martinet},
	title = {Biological conservation in dynamic agricultural landscapes: Effectiveness of public policies and trade-offs with agricultural production},
	journal = {Ecological Economics}
}