@article{ID79954448064,
	doi = {10.1139/z11-008},
	url = {https://doi.org/10.1139%2Fz11-008},
	year = 2011,
	month = {apr},
	publisher = {Canadian Science Publishing},
	volume = {89},
	number = {4},
	pages = {343-347},
	author = {J.-F. Therrien and G. Fitzgerald and G. Gauthier and J. B{\^{e}}ty},
	title = {Diet-tissue discrimination factors of carbon and nitrogen Stable isotopes in blood of Snowy Owl (Bubo scandiacus)},
	journal = {Canadian Journal of Zoology}
}