@article{ID79958854682,
	doi = {10.1111/j.1365-2745.2011.01834.x},
	url = {https://doi.org/10.1111%2Fj.1365-2745.2011.01834.x},
	year = 2011,
	month = {mar},
	publisher = {Wiley-Blackwell},
	volume = {99},
	number = {4},
	pages = {1001-1015},
	author = {Thea Kristiansen and Jens-Christian Svenning and Dennis Pedersen and Wolf L. Eiserhardt and C{\'{e}}sar Gr{\'{a}}ndez and Henrik Balslev},
	title = {Local and regional palm (Arecaceae) species richness patterns and their cross-scale determinants in the western Amazon},
	journal = {Journal of Ecology}
}