@article{ID79953892845,
	doi = {10.1139/z11-004},
	url = {https://doi.org/10.1139%2Fz11-004},
	year = 2011,
	month = {apr},
	publisher = {Canadian Science Publishing},
	volume = {89},
	number = {4},
	pages = {297-306},
	author = {Charles J. Krebs and Donald Reid and Alice J. Kenney and Scott Gilbert},
	title = {Fluctuations in lemming populations in North Yukon, Canada, 2007-2010},
	journal = {Canadian Journal of Zoology}
}