@article{ID79955776789,
	doi = {10.1152/ajpregu.00762.2010},
	url = {https://doi.org/10.1152%2Fajpregu.00762.2010},
	year = 2011,
	month = {feb},
	publisher = {American Physiological Society},
	volume = {300},
	number = {5},
	pages = {R1241-R1249},
	author = {M. Spee and L. Marchal and A.-M. Thierry and O. Chastel and M. Enstipp and Y. L. Maho and M. Beaulieu and T. Raclot},
	title = {Exogenous corticosterone mimics a late fasting stage in captive Ad√©lie penguins (Pygoscelis Adeliae)},
	journal = {{AJP}: Regulatory, Integrative and Comparative Physiology}
}