@article{ID79953324134,
	doi = {10.1111/j.1365-2656.2011.01811.x},
	url = {https://doi.org/10.1111%2Fj.1365-2656.2011.01811.x},
	year = 2011,
	month = {feb},
	publisher = {Wiley-Blackwell},
	volume = {80},
	number = {3},
	pages = {622-631},
	author = {Riikka Kaartinen and Tomas Roslin},
	title = {Shrinking by numbers: Landscape context affects the species composition but not the quantitative structure of local food webs},
	journal = {Journal of Animal Ecology}
}