@article{ID79953002411,
	doi = {10.1086/658903},
	url = {https://doi.org/10.1086%2F658903},
	year = 2011,
	month = {apr},
	publisher = {University of Chicago Press},
	volume = {177},
	number = {4},
	pages = {397-409},
	author = {Michael Barfield and Robert D. Holt and Richard Gomulkiewicz},
	title = {Evolution in stage-structured populations},
	journal = {The American Naturalist}
}