@article{ID79955000154,
	doi = {10.1111/j.1365-2486.2010.02370.x},
	url = {https://doi.org/10.1111%2Fj.1365-2486.2010.02370.x},
	year = 2010,
	month = {dec},
	publisher = {Wiley-Blackwell},
	volume = {17},
	number = {6},
	pages = {2071-2083},
	author = {JANE U. JEPSEN and LAURI KAPARI and SNORRE B. HAGEN and TINO SCHOTT and OLE PETTER L. VINDSTAD and ARNE C. NILSSEN and ROLF A. IMS},
	title = {Rapid northwards expansion of a forest insect pest attributed to spring phenology matching with sub-Arctic birch},
	journal = {Global Change Biology}
}