@article{ID79952704338,
	doi = {10.1007/s10336-010-0597-6},
	url = {https://doi.org/10.1007%2Fs10336-010-0597-6},
	year = 2010,
	month = {nov},
	publisher = {Springer Nature},
	volume = {152},
	number = {2},
	pages = {375-381},
	author = {Beno{\^{\i}}t Sittler and Adrian Aebischer and Olivier Gilg},
	title = {Post-breeding migration of four Long-tailed Skuas (Stercorarius longicaudus) from North and East Greenland to West Africa},
	journal = {Journal of Ornithology}
}