@article{ID79957814431,
	doi = {10.1111/j.1365-2486.2010.02393.x},
	url = {https://doi.org/10.1111%2Fj.1365-2486.2010.02393.x},
	year = 2011,
	month = {jan},
	publisher = {Wiley-Blackwell},
	volume = {17},
	number = {7},
	pages = {2330-2341},
	author = {ROBIN ENGLER and CHRISTOPHE F. RANDIN and WILFRIED THUILLER and STEFAN DULLINGER and NIKLAUS E. ZIMMERMANN and MIGUEL B. ARA{\'{U}}JO and PETER B. PEARMAN and GWENAËLLE LE LAY and CHRISTIAN PIEDALLU and C{\'{E}}CILE H. ALBERT and PHILIPPE CHOLER and GHEORGHE COLDEA and XAVIER De LAMO and THOMAS DIRNBÖCK and JEAN-CLAUDE G{\'{E}}GOUT and DANIEL G{\'{O}}MEZ-GARC{\'{I}}A and JOHN-ARVID GRYTNES and EINAR HEEGAARD and FRIDE H{\O}ISTAD and DAVID NOGU{\'{E}}S-BRAVO and SIGNE NORMAND and MIHAI PU{\c{S}}CA{\c{S}} and MARIA-TERESA SEBASTI{\`{A}} and ANGELA STANISCI and JEAN-PAUL THEURILLAT and MANDAR R. TRIVEDI and PASCAL VITTOZ and ANTOINE GUISAN},
	title = {21st century climate change threatens mountain flora unequally across Europe},
	journal = {Global Change Biology}
}