@article{ID79952175794,
	doi = {10.1086/658373},
	url = {https://doi.org/10.1086%2F658373},
	year = 2011,
	month = {mar},
	publisher = {University of Chicago Press},
	volume = {84},
	number = {2},
	pages = {222-229},
	author = {Lisha L. Berzins and H. Grant Gilchrist and Kevin D. Matson and Gary Burness},
	title = {Sex-specific effects of increased incubation demand on innate immunity in black guillemots},
	journal = {Physiological and Biochemical Zoology}
}