@article{ID79951743827,
	doi = {10.1111/j.1600-0706.2010.18772.x},
	url = {https://doi.org/10.1111%2Fj.1600-0706.2010.18772.x},
	year = 2010,
	month = {oct},
	publisher = {Wiley-Blackwell},
	volume = {120},
	number = {3},
	pages = {333-343},
	author = {Jean-Philippe Lessard and Tara E. Sackett and William N. Reynolds and David A. Fowler and Nathan J. Sanders},
	title = {Determinants of the detrital arthropod community structure: The effects of temperature and resources along an environmental gradient},
	journal = {Oikos}
}