@article{ID79952441419,
	doi = {10.1007/s13253-010-0035-5},
	url = {https://doi.org/10.1007%2Fs13253-010-0035-5},
	year = 2010,
	month = {jun},
	publisher = {Springer Nature},
	volume = {16},
	number = {1},
	pages = {88-104},
	author = {C. Juillet and R. Choquet and G. Gauthier and R. Pradel},
	title = {A Capture-Recapture Model with Double-Marking, Live and Dead Encounters, and Heterogeneity of Reporting Due to Auxiliary Mark Loss},
	journal = {Journal of Agricultural, Biological, and Environmental Statistics}
}