@article{ID79951952964,
	doi = {10.1016/j.actao.2010.12.003},
	url = {https://doi.org/10.1016%2Fj.actao.2010.12.003},
	year = 2011,
	month = {mar},
	publisher = {Elsevier {BV}},
	volume = {37},
	number = {2},
	pages = {93-98},
	author = {Lo√Øc Pellissier and J{\'{e}}r{\^{o}}me Wassef and Julia Bilat and Gregory Brazzola and Pierrick Buri and Caroline Colliard and Bertrand Fournier and Jacques Hausser and Glenn Yannic and Nicolas Perrin},
	title = {Adaptive colour polymorphism of Acrida ungarica H. (Orthoptera: Acrididae) in a spatially heterogeneous environment},
	journal = {Acta Oecologica}
}