@article{ID79958120414,
	doi = {10.1111/j.1466-8238.2010.00632.x},
	url = {https://doi.org/10.1111%2Fj.1466-8238.2010.00632.x},
	year = 2011,
	month = {feb},
	publisher = {Wiley-Blackwell},
	volume = {20},
	number = {4},
	pages = {532-544},
	author = {J. Samson and D. Berteaux and B. J. McGill and M. M. Humphries},
	title = {Geographic disparities and moral hazards in the predicted impacts of climate change on human populations},
	journal = {Global Ecology and Biogeography}
}