@article{ID79960928370,
	doi = {10.1016/j.biocon.2011.05.013},
	url = {https://doi.org/10.1016%2Fj.biocon.2011.05.013},
	year = 2011,
	month = {sep},
	publisher = {Elsevier {BV}},
	volume = {144},
	number = {9},
	pages = {2213-2222},
	author = {Luiz dos Anjos and Cathy D. Collins and Robert D. Holt and Graziele H. Volpato and Luciana B. Mendon{\c{c}}a and Edson V. Lopes and Roberto Bo{\c{c}}on and Maria V. Bisheimer and Patr{\'{\i}}cia P. Serafini and Joema Carvalho},
	title = {Bird species abundance-occupancy patterns and sensitivity to forest fragmentation: Implications for conservation in the Brazilian Atlantic forest},
	journal = {Biological Conservation}
}