@article{ID79954769970,
	doi = {10.1111/j.1600-0706.2009.17441.x},
	url = {https://doi.org/10.1111%2Fj.1600-0706.2009.17441.x},
	year = 2010,
	month = {mar},
	publisher = {Wiley-Blackwell},
	volume = {119},
	number = {3},
	pages = {475-484},
	author = {Dominique Gravel and Charles D. Canham and Marilou Beaudet and Christian Messier},
	title = {Shade tolerance, canopy gaps and mechanisms of coexistence of forest trees},
	journal = {Oikos}
}