@article{ID79956261018,
	doi = {10.1111/j.1600-0706.2010.18766.x},
	url = {https://doi.org/10.1111%2Fj.1600-0706.2010.18766.x},
	year = 2010,
	month = {oct},
	publisher = {Wiley-Blackwell},
	volume = {120},
	number = {6},
	pages = {873-885},
	author = {Karin Nor{\'{e}}n and Lindsey Carmichael and Love Dal{\'{e}}n and Pall Hersteinsson and Gustaf Samelius and Eva Fuglei and Christian M. O. Kapel and Irina Menyushina and Curtis Strobeck and Anders Angerbj√∂rn},
	title = {Arctic fox Vulpes lagopus population structure: Circumpolar patterns and processes},
	journal = {Oikos}
}