@article{ID79953248111,
	doi = {10.1002/jwmg.38},
	url = {https://doi.org/10.1002%2Fjwmg.38},
	year = 2011,
	month = {feb},
	publisher = {Wiley-Blackwell},
	volume = {75},
	number = {2},
	pages = {283-288},
	author = {E. Isabel Buttler and H. Grant Gilchrist and S{\'{e}}bastien Descamps and Mark R. Forbes and Catherine Soos},
	title = {Handling stress of female common eiders during avian cholera outbreaks},
	journal = {The Journal of Wildlife Management}
}