@article{ID79951776583,
	doi = {10.1111/j.1365-294x.2010.04905.x},
	url = {https://doi.org/10.1111%2Fj.1365-294x.2010.04905.x},
	year = 2010,
	month = {nov},
	publisher = {Wiley-Blackwell},
	volume = {20},
	number = {5},
	pages = {1039-1048},
	author = {A. MEGALI and G. YANNIC and P. CHRISTE},
	title = {Disease in the dark: Molecular characterization of Polychromophilus murinus in temperate zone bats revealed a worldwide distribution of this malaria-like disease},
	journal = {Molecular Ecology}
}