@article{ID79954502693,
	doi = {10.1038/472169b},
	url = {https://doi.org/10.1038%2F472169b},
	year = 2011,
	month = {apr},
	publisher = {Springer Nature},
	volume = {472},
	number = {7342},
	pages = {169-169},
	author = {David Gr{\'{e}}millet and Am{\'{e}}lie LescroÃ«l},
	title = {Libyan uprising may boost bluefin tuna},
	journal = {Nature}
}