@article{ID79952989671,
	doi = {10.1017/s0959270909990256},
	url = {https://doi.org/10.1017%2Fs0959270909990256},
	year = 2009,
	month = {dec},
	publisher = {Cambridge University Press ({CUP})},
	volume = {20},
	number = {04},
	pages = {392-399},
	author = {LUIZ DOS ANJOS and ROBERT D. HOLT and SCOTT ROBINSON},
	title = {Position in the distributional range and sensitivity to forest fragmentation in birds: A case history from the Atlantic forest, Brazil},
	journal = {Bird Conservation International}
}