@article{ID79961153893,
	doi = {10.1139/z11-048},
	url = {https://doi.org/10.1139%2Fz11-048},
	year = 2011,
	month = {aug},
	publisher = {Canadian Science Publishing},
	volume = {89},
	number = {8},
	pages = {678-691},
	author = {G. Jiang and T. Zhao and J. Liu and L. Xu and G. Yu and H. He and C. J. Krebs and Z. Zhang},
	title = {Effects of ENSO-linked climate and vegetation on population dynamics of sympatric rodent species in semiarid grasslands of inner Mongolia, China},
	journal = {Canadian Journal of Zoology}
}