@article{ID79958768300,
	doi = {10.1007/s10336-011-0681-6},
	url = {https://doi.org/10.1007%2Fs10336-011-0681-6},
	year = 2011,
	month = {mar},
	publisher = {Springer Nature},
	volume = {152},
	number = {3},
	pages = {807-810},
	author = {Pieternella C. Luttikhuizen and Anneke Bol and Harry Witte and Judith van Bleijswijk and Oliver Haddrath and Allan J. Baker and Theunis Piersma and Jeroen Reneerkens},
	title = {Novel and cross-species microsatellite markers for parentage analysis in Sanderling Calidris alba},
	journal = {Journal of Ornithology}
}