@article{ID79952190508,
	doi = {10.1038/nature09705},
	url = {https://doi.org/10.1038%2Fnature09705},
	year = 2011,
	month = {feb},
	publisher = {Springer Nature},
	volume = {470},
	number = {7335},
	pages = {531-534},
	author = {Wilfried Thuiller and S{\'{e}}bastien Lavergne and Cristina Roquet and Isabelle Boulangeat and Bruno Lafourcade and Miguel. B. Araujo},
	title = {Consequences of climate change on the tree of life in Europe},
	journal = {Nature}
}