@article{ID79551534068,
	doi = {10.1371/journal.pone.0016370},
	url = {https://doi.org/10.1371%2Fjournal.pone.0016370},
	year = 2011,
	month = {jan},
	publisher = {Public Library of Science ({PLoS})},
	volume = {6},
	number = {1},
	pages = {e16370},
	author = {Ricardo M. Holdo and John M. Fryxell and Anthony R. E. Sinclair and Andrew Dobson and Robert D. Holt},
	editor = {Andrew Hector},
	title = {Predicted impact of barriers to migration on the Serengeti wildebeest population},
	journal = {{PLoS} {ONE}}
}