@article{ID79955540263,
	doi = {10.1371/journal.pone.0018930},
	url = {https://doi.org/10.1371%2Fjournal.pone.0018930},
	year = 2011,
	month = {apr},
	publisher = {Public Library of Science ({PLoS})},
	volume = {6},
	number = {4},
	pages = {e18930},
	author = {Gr{\'{e}}goire Certain and Olav Skarpaas and Jarle-Werner Bjerke and Erik Framstad and Markus Lindholm and Jan-Erik Nilsen and Ann Norderhaug and Eivind Oug and Hans-Christian Pedersen and Ann-Kristin Schartau and Gro I. van der Meeren and Iulie Aslaksen and Steinar Engen and Per-Arild Garn{\aa}sjordet and P{\aa}l Kval{\o}y and Magnar Lilleg{\aa}rd and Nigel G. Yoccoz and Signe Nyb{\o}},
	editor = {Bernd Schierwater},
	title = {The nature index: A general framework for synthesizing knowledge on the state of biodiversity},
	journal = {{PLoS} {ONE}}
}