@article{ID79251599909,
	doi = {10.1016/j.cbpa.2010.05.004},
	url = {https://doi.org/10.1016%2Fj.cbpa.2010.05.004},
	year = 2011,
	month = {mar},
	publisher = {Elsevier {BV}},
	volume = {158},
	number = {3},
	pages = {358-365},
	author = {J{\'{e}}r{\^{o}}me Fort and Warren P. Porter and David Gr{\'{e}}millet},
	title = {Energetic modelling: A comparison of the different approaches used in seabirds},
	journal = {Comparative Biochemistry and Physiology Part A: Molecular {\&} Integrative Physiology}
}