@article{ID79952415468,
	doi = {10.1111/j.1600-0587.2010.06152.x},
	url = {https://doi.org/10.1111%2Fj.1600-0587.2010.06152.x},
	year = 2011,
	month = {feb},
	publisher = {Wiley-Blackwell},
	volume = {34},
	number = {1},
	pages = {9-17},
	author = {Gael Grenouillet and Laetitia Buisson and Nicolas Casajus and Sovan Lek},
	title = {Ensemble modelling of species distribution: The effects of geographical and environmental ranges},
	journal = {Ecography}
}