@article{ID79958757841,
	doi = {10.1007/s00442-011-1907-2},
	url = {https://doi.org/10.1007%2Fs00442-011-1907-2},
	year = 2011,
	month = {jan},
	publisher = {Springer Nature},
	volume = {166},
	number = {3},
	pages = {593-605},
	author = {Michael J. Sheriff and Charles J. Krebs and Rudy Boonstra},
	title = {From process to pattern: How fluctuating predation risk impacts the stress axis of snowshoe hares during the 10-year cycle},
	journal = {Oecologia}
}