@article{ID79952215098,
	doi = {10.1139/x10-239},
	url = {https://doi.org/10.1139%2Fx10-239},
	year = 2011,
	month = {mar},
	publisher = {Canadian Science Publishing},
	volume = {41},
	number = {3},
	pages = {649-653},
	author = {Christian Messier and Nicolas B{\'{e}}langer and Jacques Brisson and Martin J. Lechowicz and Dominique Gravel},
	title = {Comment on "Present-day expansion of American beech in northeastern hardwood forests: Does soil base status matter?"},
	journal = {Canadian Journal of Forest Research}
}