@article{ID79952575899,
	doi = {10.1007/s12526-011-0083-2},
	url = {https://doi.org/10.1007%2Fs12526-011-0083-2},
	year = 2011,
	month = {mar},
	publisher = {Springer Nature},
	volume = {41},
	number = {1},
	pages = {141-179},
	author = {Falk Huettmann and Yuri Artukhin and Olivier Gilg and Grant Humphries},
	title = {Predictions of 27 Arctic pelagic seabird distributions using public environmental variables, assessed with colony data: A first digital IPY and GBIF open access synthesis platform},
	journal = {Marine Biodiversity}
}