@article{ID79960548631,
	doi = {10.1126/science.1205106},
	url = {https://doi.org/10.1126%2Fscience.1205106},
	year = 2011,
	month = {jul},
	publisher = {American Association for the Advancement of Science ({AAAS})},
	volume = {333},
	number = {6040},
	pages = {301-306},
	author = {James A. Estes and John Terborgh and Justin S. Brashares and Mary E. Power and Joel Berger and William J. Bond and Stephen R. Carpenter and Timothy E. Essington and Robert D. Holt and Jeremy B. C. Jackson and Robert J. Marquis and Lauri Oksanen and Tarja Oksanen and Robert T. Paine and Ellen K. Pikitch and William J. Ripple and Stuart A. Sandin and Marten Scheffer and Thomas W. Schoener and Jonathan B. Shurin and Anthony R. E. Sinclair and Michael E. Soul{\'{e}} and Risto Virtanen and David A. Wardle},
	title = {Trophic downgrading of planet earth},
	journal = {Science}
}