@article{ID79958059861,
	doi = {10.1016/j.crvi.2011.04.004},
	url = {https://doi.org/10.1016%2Fj.crvi.2011.04.004},
	year = 2011,
	month = {may},
	publisher = {Elsevier {BV}},
	volume = {334},
	number = {5-6},
	pages = {378-384},
	author = {Yvon Le Maho and Claire Saraux and JoÃ«l M. Durant and Vincent A. Viblanc and Michel Gauthier-Clerc and Nigel G. Yoccoz and Nils C. Stenseth and C{\'{e}}line Le Bohec},
	title = {An ethical issue in biodiversity science: The monitoring of penguins with flipper bands},
	journal = {Comptes Rendus Biologies}
}