@article{ID79952031871,
	doi = {10.1111/j.1600-048x.2010.05196.x},
	url = {https://doi.org/10.1111%2Fj.1600-048x.2010.05196.x},
	year = 2010,
	month = {dec},
	publisher = {Wiley-Blackwell},
	volume = {42},
	number = {1},
	pages = {39-48},
	author = {S{\'{e}}bastien Descamps and Mark R. Forbes and H. Grant Gilchrist and Oliver P. Love and JoÃ«l B{\^{e}}ty},
	title = {Avian cholera, post-hatching survival and selection on hatch characteristics in a long-lived bird, the common eider Somateria mollisima},
	journal = {Journal of Avian Biology}
}