@article{ID79955034772,
	doi = {10.1111/j.1600-0706.2010.18961.x},
	url = {https://doi.org/10.1111%2Fj.1600-0706.2010.18961.x},
	year = 2010,
	month = {oct},
	publisher = {Wiley-Blackwell},
	volume = {120},
	number = {5},
	pages = {748-755},
	author = {Bethany J. Hoye and Vincent J. Munster and Hiroshi Nishiura and Ron A. M. Fouchier and Jesper Madsen and Marcel Klaassen},
	title = {Reconstructing an annual cycle of interaction: Natural infection and antibody dynamics to avian influenza along a migratory flyway},
	journal = {Oikos}
}