@article{ID79953319583,
	doi = {10.1111/j.1365-2656.2011.01838.x},
	url = {https://doi.org/10.1111%2Fj.1365-2656.2011.01838.x},
	year = 2011,
	month = {apr},
	publisher = {Wiley-Blackwell},
	volume = {80},
	number = {3},
	pages = {505-507},
	author = {Mark C. Urban and Robert D. Holt and Sarah E. Gilman and Joshua Tewksbury},
	title = {Heating up relations between cold fish: Competition modifies responses to climate change},
	journal = {Journal of Animal Ecology}
}