@article{ID79960471803,
	doi = {10.1007/s10344-011-0505-2},
	url = {https://doi.org/10.1007%2Fs10344-011-0505-2},
	year = 2011,
	month = {feb},
	publisher = {Springer Nature},
	volume = {57},
	number = {4},
	pages = {923-927},
	author = {Tomas Meijer and Roland Mattsson and Anders Angerbj√∂rn and Eva Osterman-Lind and Xavier Fern{\'{a}}ndez-Aguilar and Dolores Gavier-Wid{\'{e}}n},
	title = {Endoparasites in the endangered Fennoscandian population of arctic foxes (Vulpes lagopus)},
	journal = {European Journal of Wildlife Research}
}