@article{ID79955990570,
	doi = {10.1007/s10530-010-9899-0},
	url = {https://doi.org/10.1007%2Fs10530-010-9899-0},
	year = 2010,
	month = {nov},
	publisher = {Springer Nature},
	volume = {13},
	number = {6},
	pages = {1409-1421},
	author = {Cl{\'{e}}ment Lagrue and Nicolas Kaldonski and S{\'{e}}bastien Motreuil and Thierry Lef{\`{e}}vre and Olivier Blatter and Philippe Giraud and Lo√Øc Bollache},
	title = {Interspecific differences in drift behaviour between the native Gammarus pulex and the exotic Gammarus roeseli and possible implications for the invader's success},
	journal = {Biological Invasions}
}