@article{ID79957728843,
	doi = {10.1525/cond.2011.090141},
	url = {https://doi.org/10.1525%2Fcond.2011.090141},
	year = 2011,
	month = {feb},
	publisher = {Cooper Ornithological Society},
	volume = {113},
	number = {1},
	pages = {150-158},
	author = {Cyril Eraud and Anne Jacquet and Pierre Legagneux},
	title = {Post-fledging movements , home range, and survival of juvenile eurasian collared -doves in western France},
	journal = {The Condor}
}