@article{ID79959559073,
	doi = {10.1371/journal.pone.0021357},
	url = {https://doi.org/10.1371%2Fjournal.pone.0021357},
	year = 2011,
	month = {jun},
	publisher = {Public Library of Science ({PLoS})},
	volume = {6},
	number = {6},
	pages = {e21357},
	author = {Nicolas Lecomte and {\O}ystein Ahlstr{\o}m and Doroth{\'{e}}e Ehrich and Eva Fuglei and Rolf A. Ims and Nigel G. Yoccoz},
	editor = {Stephane Blanc},
	title = {Intrapopulation variability shaping isotope discrimination and turnover: Experimental evidence in Arctic Foxes},
	journal = {{PLoS} {ONE}}
}