@article{ID79951790617,
	doi = {10.1371/journal.pone.0016834},
	url = {https://doi.org/10.1371%2Fjournal.pone.0016834},
	year = 2011,
	month = {feb},
	publisher = {Public Library of Science ({PLoS})},
	volume = {6},
	number = {2},
	pages = {e16834},
	author = {Jeroen Reneerkens and Kirsten Grond and Hans Schekkerman and Ingrid Tulp and Theunis Piersma},
	editor = {Kevin Mcgraw},
	title = {Do uniparental sanderlings Calidris alba increase egg heat input to compensate for low nest attentiveness?},
	journal = {{PLoS} {ONE}}
}