@article{ID79960913664,
	doi = {10.1016/j.baae.2011.05.006},
	url = {https://doi.org/10.1016%2Fj.baae.2011.05.006},
	year = 2011,
	month = {aug},
	publisher = {Elsevier {BV}},
	volume = {12},
	number = {5},
	pages = {413-422},
	author = {John-Andr{\'{e}} Henden and Rolf Anker Ims and Nigel Gilles Yoccoz and Siw Turid Killengreen},
	title = {Declining willow ptarmigan populations: The role of habitat structure and community dynamics},
	journal = {Basic and Applied Ecology}
}