@article{ID79959347839,
	doi = {10.1111/j.1420-9101.2011.02282.x},
	url = {https://doi.org/10.1111%2Fj.1420-9101.2011.02282.x},
	year = 2011,
	month = {may},
	publisher = {Wiley-Blackwell},
	volume = {24},
	number = {7},
	pages = {1497-1504},
	author = {O. P. LOVE and T. D. WILLIAMS},
	title = {Manipulating developmental stress reveals sex-specific effects of egg size on offspring phenotype},
	journal = {Journal of Evolutionary Biology}
}