@article{ID79958088243,
	doi = {10.1111/j.1472-4642.2011.00770.x},
	url = {https://doi.org/10.1111%2Fj.1472-4642.2011.00770.x},
	year = 2011,
	month = {may},
	publisher = {Wiley-Blackwell},
	volume = {17},
	number = {4},
	pages = {652-662},
	author = {Clinton N. Jenkins and Nathan J. Sanders and Alan N. Andersen and Xavier Arnan and Carsten A. Br√ºhl and Xim Cerda and Aaron M. Ellison and Brian L. Fisher and Matthew C. Fitzpatrick and Nicholas J. Gotelli and Aaron D. Gove and Benoit Gu{\'{e}}nard and John E. Lattke and Jean-Philippe Lessard and Terrence P. McGlynn and Sean B. Menke and Catherine L. Parr and Stacy M. Philpott and Heraldo L. Vasconcelos and Michael D. Weiser and Robert R. Dunn},
	title = {Global diversity in light of climate change: The case of ants},
	journal = {Diversity and Distributions}
}