@article{ID79551544577,
	doi = {10.1111/j.1466-8238.2010.00604.x},
	url = {https://doi.org/10.1111%2Fj.1466-8238.2010.00604.x},
	year = 2010,
	month = {oct},
	publisher = {Wiley-Blackwell},
	volume = {20},
	number = {2},
	pages = {218-230},
	author = {Camilla Fl{\o}jgaard and Signe Normand and Flemming Skov and Jens-Christian Svenning},
	title = {Deconstructing the mammal species richness pattern in Europe - towards an understanding of the relative importance of climate, biogeographic history, habitat heterogeneity and humans},
	journal = {Global Ecology and Biogeography}
}