@article{ID79958819585,
	doi = {10.1644/10-mamm-a-279.1},
	url = {https://doi.org/10.1644%2F10-mamm-a-279.1},
	year = 2011,
	month = {jun},
	publisher = {Oxford University Press ({OUP})},
	volume = {92},
	number = {3},
	pages = {511-516},
	author = {David Duchesne and Gilles Gauthier and Dominique Berteaux},
	title = {Evaluation of a method to determine the breeding activity of lemmings in their winter nests},
	journal = {Journal of Mammalogy}
}