@article{ID79952624202,
	doi = {10.1007/s12526-010-0059-7},
	url = {https://doi.org/10.1007%2Fs12526-010-0059-7},
	year = 2010,
	month = {nov},
	publisher = {Springer Nature},
	volume = {41},
	number = {1},
	pages = {51-70},
	author = {Dieter Piepenburg and Philippe Archambault and William G. Ambrose and Arny L. Blanchard and Bodil A. Bluhm and Michael L. Carroll and Kathleen E. Conlan and Mathieu Cusson and Howard M. Feder and Jacqueline M. Grebmeier and Stephen C. Jewett and M{\'{e}}lanie L{\'{e}}vesque and Victor V. Petryashev and Mikael K. Sejr and Boris I. Sirenko and Maria W{\l}odarska-Kowalczuk},
	title = {Towards a pan-Arctic inventory of the species diversity of the macro- and megabenthic fauna of the Arctic shelf seas},
	journal = {Marine Biodiversity}
}