@article{ID79961066838,
	doi = {10.3354/meps09233},
	url = {https://doi.org/10.3354%2Fmeps09233},
	year = 2011,
	month = {aug},
	publisher = {Inter-Research Science Center},
	volume = {435},
	pages = {251-261},
	author = {J Gonz{\'{a}}lez-Sol{\'{\i}}s and M Smyrli and T Milit{\~{a}}o and D Gremillet and T Tveraa and RA Phillips and T Boulinier},
	title = {Combining stable isotope analyses and geolocation to reveal kittiwake migration},
	journal = {Marine Ecology Progress Series}
}