@article{ID79952528765,
	doi = {10.1093/beheco/arq189},
	url = {https://doi.org/10.1093%2Fbeheco%2Farq189},
	year = 2010,
	month = {dec},
	publisher = {Oxford University Press ({OUP})},
	volume = {22},
	number = {1},
	pages = {162-168},
	author = {{\'{E}}dith S{\'{e}}n{\'{e}}chal and JoÃ«l B{\^{e}}ty and H. Grant Gilchrist},
	title = {Interactions between lay date, clutch size, and postlaying energetic needs in a capital breeder},
	journal = {Behavioral Ecology}
}