@article{ID79953897050,
	doi = {10.1007/s00442-010-1853-4},
	url = {https://doi.org/10.1007%2Fs00442-010-1853-4},
	year = 2010,
	month = {dec},
	publisher = {Springer Nature},
	volume = {165},
	number = {3},
	pages = {593-604},
	author = {{\'{E}}dith S{\'{e}}n{\'{e}}chal and JoÃ«l B{\^{e}}ty and H. Grant Gilchrist and Keith A. Hobson and Sarah E. Jamieson},
	title = {Do purely capital layers exist among flying birds? Evidence of exogenous contribution to arctic-nesting common eider eggs},
	journal = {Oecologia}
}