@article{ID79959991084,
	doi = {10.1007/s13157-011-0179-2},
	url = {https://doi.org/10.1007%2Fs13157-011-0179-2},
	year = 2011,
	month = {may},
	publisher = {Springer Nature},
	volume = {31},
	number = {3},
	pages = {471-482},
	author = {Jesper Erenskjold Moeslund and Lars Arge and Peder Klith B{\o}cher and Bettina Nygaard and Jens-Christian Svenning},
	title = {Geographically comprehensive assessment of salt-meadow vegetation-elevation relations using LiDAR},
	journal = {Wetlands}
}