@article{ID79953871674,
	doi = {10.1111/j.1523-1739.2010.01625.x},
	url = {https://doi.org/10.1111%2Fj.1523-1739.2010.01625.x},
	year = 2010,
	month = {dec},
	publisher = {Wiley-Blackwell},
	volume = {25},
	number = {3},
	pages = {476-484},
	author = {MURRAY A. RUDD and KAREN F. BEAZLEY and STEVEN J. COOKE and ERICA FLEISHMAN and DANIEL E. LANE and MICHAEL B. MASCIA and ROBIN ROTH and GARY TABOR and JISELLE A. BAKKER and TERESA BELLEFONTAINE and DOMINIQUE BERTEAUX and BERNARD CANTIN and KEITH G. CHAULK and KATHRYN CUNNINGHAM and ROD DOBELL and ELEANOR FAST and NADIA FERRARA and C. SCOTT FINDLAY and LARS K. HALLSTROM and THOMAS HAMMOND and LUISE HERMANUTZ and JEFFREY A. HUTCHINGS and KATHRYN E. LINDSAY and TIM J. MARTA and VIVIAN M. NGUYEN and GREG NORTHEY and KENT PRIOR and SAUDIEL RAMIREZ-SANCHEZ and JAKE RICE and DARREN J. H. SLEEP and NORA D. SZABO and GENEVI{\`{E}}VE TROTTIER and JEAN-PATRICK TOUSSAINT and JEAN-PHILIPPE VEILLEUX},
	title = {Generation of Priority Research Questions to Inform Conservation Policy and Management at a National Level},
	journal = {Conservation Biology}
}