@article{ID79957585100,
	doi = {10.1371/journal.pone.0019374},
	url = {https://doi.org/10.1371%2Fjournal.pone.0019374},
	year = 2011,
	month = {may},
	publisher = {Public Library of Science ({PLoS})},
	volume = {6},
	number = {5},
	pages = {e19374},
	author = {Dominique Gravel and Elsa Canard and Fr{\'{e}}d{\'{e}}ric Guichard and Nicolas Mouquet},
	editor = {Andrew Hector},
	title = {Persistence increases with diversity and connectance in trophic metacommunities},
	journal = {{PLoS} {ONE}}
}