@article{ID79961099202,
	doi = {10.1890/10-2006.1},
	url = {https://doi.org/10.1890%2F10-2006.1},
	year = 2011,
	month = {aug},
	publisher = {Wiley-Blackwell},
	volume = {92},
	number = {8},
	pages = {1594-1604},
	author = {Ayco J. M. Tack and Tomas Roslin},
	title = {The relative importance of host-plant genetic diversity in structuring the associated herbivore community},
	journal = {Ecology}
}