@article{ID79951763499,
	doi = {10.1111/j.1461-0248.2011.01588.x},
	url = {https://doi.org/10.1111%2Fj.1461-0248.2011.01588.x},
	year = 2011,
	month = {jan},
	publisher = {Wiley-Blackwell},
	volume = {14},
	number = {3},
	pages = {313-323},
	author = {Fran{\c{c}}ois Massol and Dominique Gravel and Nicolas Mouquet and Marc W. Cadotte and Tadashi Fukami and Mathew A. Leibold},
	title = {Linking community and ecosystem dynamics through spatial ecology},
	journal = {Ecology Letters}
}