@article{ID79952305418,
	doi = {10.1073/pnas.1007217108},
	url = {https://doi.org/10.1073%2Fpnas.1007217108},
	year = 2011,
	month = {jan},
	publisher = {Proceedings of the National Academy of Sciences},
	volume = {108},
	number = {6},
	pages = {2306-2311},
	author = {L. J. Beaumont and A. Pitman and S. Perkins and N. E. Zimmermann and N. G. Yoccoz and W. Thuiller},
	title = {Impacts of climate change on the world's most exceptional ecoregions},
	journal = {Proceedings of the National Academy of Sciences}
}