@article{ID79960336707,
	doi = {10.1007/s00442-011-1939-7},
	url = {https://doi.org/10.1007%2Fs00442-011-1939-7},
	year = 2011,
	month = {feb},
	publisher = {Springer Nature},
	volume = {166},
	number = {4},
	pages = {973-984},
	author = {Karin Nor{\'{e}}n and Lindsey Carmichael and Eva Fuglei and Nina E. Eide and Pall Hersteinsson and Anders Angerbj√∂rn},
	title = {Pulses of movement across the sea ice: Population connectivity and temporal genetic structure in the arctic fox},
	journal = {Oecologia}
}