@article{ID79957837918,
	doi = {10.1016/j.ygcen.2011.04.009},
	url = {https://doi.org/10.1016%2Fj.ygcen.2011.04.009},
	year = 2011,
	month = {jul},
	publisher = {Elsevier {BV}},
	volume = {172},
	number = {3},
	pages = {440-445},
	author = {Pierre Legagneux and Gilles Gauthier and Olivier Chastel and G{\'{e}}rald Picard and JoÃ«l B{\^{e}}ty},
	title = {Do glucocorticoids in droppings reflect baseline level in birds captured in the wild? A case study in snow geese},
	journal = {General and Comparative Endocrinology}
}