@article{ID79551619570,
	doi = {10.1371/journal.pone.0016386},
	url = {https://doi.org/10.1371%2Fjournal.pone.0016386},
	year = 2011,
	month = {jan},
	publisher = {Public Library of Science ({PLoS})},
	volume = {6},
	number = {1},
	pages = {e16386},
	author = {Patricia {\'{A}}lvarez-Loayza and James F. White and M{\'{o}}nica S. Torres and Henrik Balslev and Thea Kristiansen and Jens-Christian Svenning and Nathalie Gil},
	editor = {Jae-Hyuk Yu},
	title = {Light converts endosymbiotic fungus to pathogen, influencing seedling survival and niche-space filling of a common tropical tree, Iriartea deltoidea},
	journal = {{PLoS} {ONE}}
}