@article{ID79955546706,
	doi = {10.1890/09-1951.1},
	url = {https://doi.org/10.1890%2F09-1951.1},
	year = 2011,
	month = {feb},
	publisher = {Wiley-Blackwell},
	volume = {92},
	number = {2},
	pages = {475-486},
	author = {Craig R. White and David Gr{\'{e}}millet and Jonathan A. Green and Graham R. Martin and Patrick J. Butler},
	title = {Metabolic rate throughout the annual cycle reveals the demands of an Arctic existence in Great Cormorants},
	journal = {Ecology}
}