@article{ID79960843538,
	doi = {10.1111/j.1365-2656.2011.01840.x},
	url = {https://doi.org/10.1111%2Fj.1365-2656.2011.01840.x},
	year = 2011,
	month = {apr},
	publisher = {Wiley-Blackwell},
	volume = {80},
	number = {5},
	pages = {1049-1060},
	author = {Siw T. Killengreen and Nicolas Lecomte and Doroth{\'{e}}e Ehrich and Tino Schott and Nigel G. Yoccoz and Rolf A. Ims},
	title = {The importance of marine vs. human-induced subsidies in the maintenance of an expanding mesocarnivore in the arctic tundra},
	journal = {Journal of Animal Ecology}
}