@article{ID79955105034,
	doi = {10.1111/j.1466-8238.2011.00666.x},
	url = {https://doi.org/10.1111%2Fj.1466-8238.2011.00666.x},
	year = 2011,
	month = {apr},
	publisher = {Wiley-Blackwell},
	volume = {20},
	number = {5},
	pages = {661-674},
	author = {Michelle Greve and Anne Mette Lykke and Anne Blach-Overgaard and Jens-Christian Svenning},
	title = {Environmental and anthropogenic determinants of vegetation distribution across Africa},
	journal = {Global Ecology and Biogeography}
}