@article{ID79953857018,
	doi = {10.1139/x10-242},
	url = {https://doi.org/10.1139%2Fx10-242},
	year = 2011,
	month = {apr},
	publisher = {Canadian Science Publishing},
	volume = {41},
	number = {4},
	pages = {873-880},
	author = {Dominique Gravel and Marilou Beaudet and Christian Messier},
	title = {Sapling age structure and growth series reveal a shift in recruitment dynamics of sugar maple and American beech over the last 40 years},
	journal = {Canadian Journal of Forest Research}
}