@article{ID79952161334,
	doi = {10.1086/658636},
	url = {https://doi.org/10.1086%2F658636},
	year = 2011,
	month = {mar},
	publisher = {University of Chicago Press},
	volume = {84},
	number = {2},
	pages = {230-237},
	author = {L. G. Halsey and C. R. White and M. R. Enstipp and R. P. Wilson and P. J. Butler and G. R. Martin and D. Gr{\'{e}}millet and D. R. Jones},
	title = {Assessing the validity of the accelerometry technique for estimating the energy expenditure of diving double-crested cormorants phalacrocorax auritus},
	journal = {Physiological and Biochemical Zoology}
}