@article{ID79953805128,
	doi = {10.1111/j.1365-294x.2011.05022.x},
	url = {https://doi.org/10.1111%2Fj.1365-294x.2011.05022.x},
	year = 2011,
	month = {mar},
	publisher = {Wiley-Blackwell},
	volume = {20},
	number = {8},
	pages = {1601-1611},
	author = {JOAQU{\'{I}}N ORTEGO and GLENN YANNIC and AARON B. A. SHAFER and JULIEN MAINGUY and MARCO FESTA-BIANCHET and DAVID W. COLTMAN and STEEVE D. C{\^{O}}T{\'{E}}},
	title = {Temporal dynamics of genetic variability in a mountain goat (Oreamnos americanus) population},
	journal = {Molecular Ecology}
}