@article{ID79958803136,
	doi = {10.1139/z11-041},
	url = {https://doi.org/10.1139%2Fz11-041},
	year = 2011,
	month = {jun},
	publisher = {Canadian Science Publishing},
	volume = {89},
	number = {6},
	pages = {570-576},
	author = {S. A. Donker and C. J. Krebs},
	title = {Habitat-specific distribution and abundance of arctic ground squirrels (urocitellus parryii plesius) in southwest yukon},
	journal = {Canadian Journal of Zoology}
}