@article{ID79959351577,
	doi = {10.1016/j.ecolmodel.2010.10.013},
	url = {https://doi.org/10.1016%2Fj.ecolmodel.2010.10.013},
	year = 2011,
	month = {jul},
	publisher = {Elsevier {BV}},
	volume = {222},
	number = {14},
	pages = {2178-2190},
	author = {Matthew A. Etterson and Susan N. Ellis-Felege and David Evers and Gilles Gauthier and Joseph A. Grzybowski and Brady J. Mattsson and Laura R. Nagy and Brian J. Olsen and Craig M. Pease and Max Post van der Burg and Aaron Potvien},
	title = {Modeling fecundity in birds: Conceptual overview, current models, and considerations for future developments},
	journal = {Ecological Modelling}
}