@article{ID79952434748,
	doi = {10.1038/nature09858},
	url = {https://doi.org/10.1038%2Fnature09858},
	year = 2011,
	month = {mar},
	publisher = {Springer Nature},
	volume = {471},
	number = {7337},
	pages = {254-254},
	author = {Claire Saraux and C{\'{e}}line Le Bohec and JoÃ«l M. Durant and Vincent A. Viblanc and Michel Gauthier-Clerc and David Beaune and Young-Hyang Park and Nigel G. Yoccoz and Nils C. Stenseth and Yvon Le Maho},
	title = {Erratum: Reliability of flipper-banded penguins as indicators of climate change (Nature (2011) 469 (203-206))},
	journal = {Nature}
}