@article{ID79955109833,
	doi = {10.1111/j.1744-7429.2010.00696.x},
	url = {https://doi.org/10.1111%2Fj.1744-7429.2010.00696.x},
	year = 2010,
	month = {aug},
	publisher = {Wiley-Blackwell},
	volume = {43},
	number = {3},
	pages = {324-334},
	author = {Julissa Roncal and Anne Blach-Overgaard and Finn Borchsenius and Henrik Balslev and Jens-Christian Svenning},
	title = {A dated phylogeny complements macroecological analysis to explain the diversity patterns in Geonoma (Arecaceae)},
	journal = {Biotropica}
}