@article{ID79956261316,
	doi = {10.1007/s10344-010-0463-0},
	url = {https://doi.org/10.1007%2Fs10344-010-0463-0},
	year = 2010,
	month = {nov},
	publisher = {Springer Nature},
	volume = {57},
	number = {3},
	pages = {549-553},
	author = {Tomas Meijer and Karin Nor{\'{e}}n and Anders Angerbj√∂rn},
	title = {The impact of maternal experience on post-weaning survival in an endangered arctic fox population},
	journal = {European Journal of Wildlife Research}
}