@article{ID79955500564,
	doi = {10.1111/j.1365-2435.2010.01824.x},
	url = {https://doi.org/10.1111%2Fj.1365-2435.2010.01824.x},
	year = 2010,
	month = {dec},
	publisher = {Wiley-Blackwell},
	volume = {25},
	number = {3},
	pages = {671-681},
	author = {S{\'{e}}bastien Descamps and JoÃ«l B{\^{e}}ty and Oliver P. Love and H. Grant Gilchrist},
	title = {Individual optimization of reproduction in a long-lived migratory bird: A test of the condition-dependent model of laying date and clutch size},
	journal = {Functional Ecology}
}