@article{ID79551653609,
	doi = {10.1098/rspb.2010.1992},
	url = {https://doi.org/10.1098%2Frspb.2010.1992},
	year = 2010,
	month = {oct},
	publisher = {The Royal Society},
	volume = {278},
	number = {1705},
	pages = {481-489},
	author = {C. J. Krebs},
	title = {Of lemmings and snowshoe hares: The ecology of northern Canada},
	journal = {Proceedings of the Royal Society B: Biological Sciences}
}