@article{ID79957597793,
	doi = {10.1002/jwmg.118},
	url = {https://doi.org/10.1002%2Fjwmg.118},
	year = 2011,
	month = {may},
	publisher = {Wiley-Blackwell},
	volume = {75},
	number = {4},
	pages = {913-918},
	author = {Simon Dostaler and Jean-Pierre Ouellet and Jean-Fran{\c{c}}ois Therrien and Steeve D. C{\^{o}}t{\'{e}}},
	title = {Are feeding preferences of white-tailed deer related to plant constituents?},
	journal = {The Journal of Wildlife Management}
}