@article{ID79960109393,
	doi = {10.1139/z11-037},
	url = {https://doi.org/10.1139%2Fz11-037},
	year = 2011,
	month = {jul},
	publisher = {Canadian Science Publishing},
	volume = {89},
	number = {7},
	pages = {622-646},
	author = {Christopher W. McKindsey and Philippe Archambault and Myriam D. Callier and Fr{\'{e}}d{\'{e}}ric Olivier},
	title = {Influence of suspended and off-bottom mussel culture on the sea bottom and benthic habitats: A review},
	journal = {Canadian Journal of Zoology}
}