@article{ID79952133901,
	doi = {10.1073/pnas.1012714108},
	url = {https://doi.org/10.1073%2Fpnas.1012714108},
	year = 2011,
	month = {jan},
	publisher = {Proceedings of the National Academy of Sciences},
	volume = {108},
	number = {5},
	pages = {1970-1974},
	author = {Rolf A. Ims and Nigel G. Yoccoz and Siw T. Killengreen},
	title = {Determinants of lemming outbreaks},
	journal = {Proceedings of the National Academy of Sciences}
}