@article{ID79551594331,
	doi = {10.1111/j.1365-2656.2010.01771.x},
	url = {https://doi.org/10.1111%2Fj.1365-2656.2010.01771.x},
	year = 2010,
	month = {nov},
	publisher = {Wiley-Blackwell},
	volume = {80},
	number = {2},
	pages = {393-402},
	author = {Jens-Christian Svenning and Camilla Fl{\o}jgaard and Andr{\'{e}}s Baselga},
	title = {Climate, history and neutrality as drivers of mammal beta diversity in Europe: Insights from multiscale deconstruction},
	journal = {Journal of Animal Ecology}
}