@article{ID80055085384,
	doi = {10.3354/meps09351},
	url = {https://doi.org/10.3354%2Fmeps09351},
	year = 2011,
	month = {oct},
	publisher = {Inter-Research Science Center},
	volume = {440},
	pages = {229-240},
	author = {NJ Karnovsky and ZW Brown and J Welcker and AMA Harding and W Walkusz and A Cavalcanti and J Hardin and A Kitaysky and G Gabrielsen and D Gr{\'{e}}millet},
	title = {Inter-colony comparison of diving behavior of an arctic top predator: Implications for warming in the greenland sea},
	journal = {Marine Ecology Progress Series}
}