@article{ID80052936889,
	doi = {10.1016/j.quascirev.2011.06.012},
	url = {https://doi.org/10.1016%2Fj.quascirev.2011.06.012},
	year = 2011,
	month = {oct},
	publisher = {Elsevier {BV}},
	volume = {30},
	number = {21-22},
	pages = {2930-2947},
	author = {Jens-Christian Svenning and Camilla Fl{\o}jgaard and Katharine A. Marske and David N{\'{o}}gues-Bravo and Signe Normand},
	title = {Applications of species distribution modeling to paleobiology},
	journal = {Quaternary Science Reviews}
}