@article{ID80054709444,
	doi = {10.1098/rstb.2011.0049},
	url = {https://doi.org/10.1098%2Frstb.2011.0049},
	year = 2011,
	month = {oct},
	publisher = {The Royal Society},
	volume = {366},
	number = {1582},
	pages = {3292-3302},
	author = {R. M. Ewers and R. K. Didham and L. Fahrig and G. Ferraz and A. Hector and R. D. Holt and V. Kapos and G. Reynolds and W. Sinun and J. L. Snaddon and E. C. Turner},
	title = {A large-scale forest fragmentation experiment: The stability of altered forest ecosystems project},
	journal = {Philosophical Transactions of the Royal Society B: Biological Sciences}
}