@article{ID80053053207,
	doi = {10.1111/j.1600-048x.2011.05330.x},
	url = {https://doi.org/10.1111%2Fj.1600-048x.2011.05330.x},
	year = 2011,
	month = {jul},
	publisher = {Wiley-Blackwell},
	volume = {42},
	number = {4},
	pages = {363-369},
	author = {Jean-Fran{\c{c}}ois Therrien and Gilles Gauthier and JoÃ«l B{\^{e}}ty},
	title = {An avian terrestrial predator of the Arctic relies on the marine ecosystem during winter},
	journal = {Journal of Avian Biology}
}