@article{ID80055059813,
	doi = {10.1139/z11-073},
	url = {https://doi.org/10.1139%2Fz11-073},
	year = 2011,
	month = {oct},
	publisher = {Canadian Science Publishing},
	volume = {89},
	number = {10},
	pages = {892-899},
	author = {D. K. Kristensen and E. Kristensen and M. C. Forchhammer and A. Michelsen and N. M. Schmidt},
	title = {Arctic herbivore diet can be inferred from stable carbon and nitrogen isotopes in C <inf>3</inf> plants, faeces, and wool},
	journal = {Canadian Journal of Zoology}
}