@article{ID80054800928,
	doi = {10.1007/s00114-011-0831-y},
	url = {https://doi.org/10.1007%2Fs00114-011-0831-y},
	year = 2011,
	month = {aug},
	publisher = {Springer Nature},
	volume = {98},
	number = {10},
	pages = {825-835},
	author = {Vincent M{\'{e}}doc and Thierry Rigaud and S{\'{e}}bastien Motreuil and Marie-Jeanne Perrot-Minnot and Lo√Øc Bollache},
	title = {Paratenic hosts as regular transmission route in the acanthocephalan Pomphorhynchus laevis: Potential implications for food webs},
	journal = {Naturwissenschaften}
}