@article{ID80051801293,
	doi = {10.1016/j.scitotenv.2011.06.043},
	url = {https://doi.org/10.1016%2Fj.scitotenv.2011.06.043},
	year = 2011,
	month = {sep},
	publisher = {Elsevier {BV}},
	volume = {409},
	number = {19},
	pages = {3757-3770},
	author = {Anna L. Hargreaves and Douglas P. Whiteside and Grant Gilchrist},
	title = {Concentrations of 17 elements, including mercury, in the tissues, food and abiotic environment of arctic shorebirds},
	journal = {Science of The Total Environment}
}