@article{ID80052030471,
	doi = {10.1007/s00227-011-1704-9},
	url = {https://doi.org/10.1007%2Fs00227-011-1704-9},
	year = 2011,
	month = {may},
	publisher = {Springer Nature},
	volume = {158},
	number = {9},
	pages = {1929-1941},
	author = {Anthony J. Gaston and Paul A. Smith and Laura McFarlane Tranquilla and William A. Montevecchi and David A. Fifield and H. Grant Gilchrist and April Hedd and Mark L. Mallory and Gregory J. Robertson and Richard A. Phillips},
	title = {Movements and wintering areas of breeding age Thick-billed Murre Uria lomvia from two colonies in Nunavut, Canada},
	journal = {Marine Biology}
}