@article{ID80054734170,
	doi = {10.1644/10-mamm-a-313.1},
	url = {https://doi.org/10.1644%2F10-mamm-a-313.1},
	year = 2011,
	month = {oct},
	publisher = {Oxford University Press ({OUP})},
	volume = {92},
	number = {5},
	pages = {974-981},
	author = {Charles J. Krebs and Rudy Boonstra and Scott Gilbert and Donald Reid and Alice J. Kenney and Elizabeth J. Hofer},
	title = {Density estimation for small mammals from livetrapping grids: Rodents in northern Canada},
	journal = {Journal of Mammalogy}
}