@article{ID80053262910,
	doi = {10.1086/661909},
	url = {https://doi.org/10.1086%2F661909},
	year = 2011,
	month = {oct},
	publisher = {University of Chicago Press},
	volume = {178},
	number = {4},
	pages = {488-500},
	author = {Robert D. Holt and Michael Barfield and Ido Filin and Samantha Forde},
	title = {Predation and the Evolutionary Dynamics of Species Ranges},
	journal = {The American Naturalist}
}