@article{ID80052536791,
	doi = {10.1007/s13280-011-0170-4},
	url = {https://doi.org/10.1007%2Fs13280-011-0170-4},
	year = 2011,
	month = {aug},
	publisher = {Springer Nature},
	volume = {40},
	number = {6},
	pages = {638-649},
	author = {Jesper Madsen and Cornelia Jaspers and Mikkel Tamstorf and Christian Ebbe Mortensen and Frank Rig{\'{e}}t},
	title = {Long-term effects of grazing and global warming on the composition and carrying capacity of graminoid marshes for moulting geese in east Greenland},
	journal = {{AMBIO}}
}