@article{ID80052256564,
	doi = {10.1021/es201786x},
	url = {https://doi.org/10.1021%2Fes201786x},
	year = 2011,
	month = {sep},
	publisher = {American Chemical Society ({ACS})},
	volume = {45},
	number = {17},
	pages = {7542-7547},
	author = {Jan O. Bustnes and Nigel G. Yoccoz and Georg Bangjord and Dorte Herzke and Lutz Ahrens and Janneche U. Skaare},
	title = {Impacts of climate and feeding conditions on the annual accumulation (1986-2009) of persistent organic pollutants in a terrestrial raptor},
	journal = {Environmental Science {\&} Technology}
}