@article{ID80455177352,
	doi = {10.1093/beheco/arr158},
	url = {https://doi.org/10.1093%2Fbeheco%2Farr158},
	year = 2011,
	month = {sep},
	publisher = {Oxford University Press ({OUP})},
	volume = {22},
	number = {6},
	pages = {1364-1373},
	author = {Cassandra Cameron and Dominique Berteaux and France Dufresne},
	title = {Spatial variation in food availability predicts extrapair paternity in the arctic fox},
	journal = {Behavioral Ecology}
}