@article{ID80052533460,
	doi = {10.1007/s13280-011-0168-y},
	url = {https://doi.org/10.1007%2Fs13280-011-0168-y},
	year = 2011,
	month = {aug},
	publisher = {Springer Nature},
	volume = {40},
	number = {6},
	pages = {610-623},
	author = {Isla H. Myers-Smith and David S. Hik and Catherine Kennedy and Dorothy Cooley and Jill F. Johnstone and Alice J. Kenney and Charles J. Krebs},
	title = {Expansion of canopy-forming willows over the twentieth century on Herschel Island, Yukon Territory, Canada},
	journal = {{AMBIO}}
}