@article{ID80052994469,
	doi = {10.1029/2011gl048825},
	url = {https://doi.org/10.1029%2F2011gl048825},
	year = 2011,
	month = {sep},
	publisher = {Wiley-Blackwell},
	volume = {38},
	number = {18},
	pages = {n/a-n/a},
	author = {J.-{\'{E}}. Tremblay and S. B{\'{e}}langer and D. G. Barber and M. Asplin and J. Martin and G. Darnis and L. Fortier and Y. Gratton and H. Link and P. Archambault and A. Sallon and C. Michel and W. J. Williams and B. Philippe and M. Gosselin},
	title = {Climate forcing multiplies biological productivity in the coastal Arctic Ocean},
	journal = {Geophysical Research Letters}
}