@article{ID80052745957,
	doi = {10.1007/s00300-011-0987-0},
	url = {https://doi.org/10.1007%2Fs00300-011-0987-0},
	year = 2011,
	month = {mar},
	publisher = {Springer Nature},
	volume = {34},
	number = {10},
	pages = {1609-1614},
	author = {Anna Rodnikova and Rolf A. Ims and Alexander Sokolov and Gunhild Skogstad and Vasily Sokolov and Victor Shtro and Eva Fuglei},
	title = {Red fox takeover of arctic fox breeding den: An observation from Yamal Peninsula, Russia},
	journal = {Polar Biology}
}