@article{ID80051696774,
	doi = {10.1098/rsbl.2010.0924},
	url = {https://doi.org/10.1098%2Frsbl.2010.0924},
	year = 2010,
	month = {nov},
	publisher = {The Royal Society},
	volume = {7},
	number = {3},
	pages = {333-335},
	author = {M. Galipaud and F.-X. Dechaume-Moncharmont and A. Oughadou and L. Bollache},
	title = {Does foreplay matter? Gammarus pulex females may benefit from longlasting precopulatory mate guarding},
	journal = {Biology Letters}
}