@article{ID80855144759,
	doi = {10.1007/s10344-011-0577-z},
	url = {https://doi.org/10.1007%2Fs10344-011-0577-z},
	year = 2011,
	month = {oct},
	publisher = {Springer Nature},
	volume = {57},
	number = {6},
	pages = {1119-1129},
	author = {L. Dessborn and A. L. Brochet and J. Elmberg and P. Legagneux and M. Gauthier-Clerc and M. Guillemain},
	title = {Geographical and temporal patterns in the diet of pintail Anas acuta, wigeon Anas penelope, mallard Anas platyrhynchos and teal Anas crecca in the Western Palearctic},
	journal = {European Journal of Wildlife Research}
}