@incollection{ID80053054252,
	doi = {10.1007/978-90-481-9121-5_9},
	url = {https://doi.org/10.1007%2F978-90-481-9121-5_9},
	year = 2010,
	publisher = {Springer Netherlands},
	pages = {179-195},
	author = {M. L. Mallory and A. J. Gaston and H. G. Gilchrist and G. J. Robertson and B. M. Braune},
	title = {Effects of climate change, altered sea-ice distribution and seasonal phenology on marine birds},
	booktitle = {A Little Less Arctic},
	journal = {A Little Less Arctic: Top Predators in the World's Largest Northern Inland Sea, Hudson Bay}
}