@article{ID80053244012,
	doi = {10.1086/661784},
	url = {https://doi.org/10.1086%2F661784},
	year = 2011,
	month = {oct},
	publisher = {University of Chicago Press},
	volume = {178},
	number = {S1},
	pages = {S6-S25},
	author = {Robert D. Holt and Michael Barfield},
	title = {Theoretical perspectives on the statics and dynamics of species' borders in patchy environments},
	journal = {The American Naturalist}
}