@article{ID80155133816,
	doi = {10.1017/s0007485311000277},
	url = {https://doi.org/10.1017%2Fs0007485311000277},
	year = 2011,
	month = {jun},
	publisher = {Cambridge University Press ({CUP})},
	volume = {101},
	number = {06},
	pages = {705-714},
	author = {O. P. L. Vindstad and S. B. Hagen and J. U. Jepsen and L. Kapari and T. Schott and R. A. Ims},
	title = {Phenological diversity in the interactions between winter moth (Operophtera brumata) larvae and parasitoid wasps in sub-arctic mountain birch forest},
	journal = {Bulletin of Entomological Research}
}