@article{ID80051893516,
	doi = {10.1002/jwmg.220},
	url = {https://doi.org/10.1002%2Fjwmg.220},
	year = 2011,
	month = {aug},
	publisher = {Wiley-Blackwell},
	volume = {75},
	number = {7},
	pages = {1553-1557},
	author = {Peter L. F. Fast and Marie Fast and Anders Mosbech and Christian Sonne and H. Grant Gilchrist and S{\'{e}}bastien Descamps},
	title = {Effects of implanted satellite transmitters on behavior and survival of female common eiders},
	journal = {The Journal of Wildlife Management}
}