@article{ID80052787665,
	doi = {10.1111/j.1461-0248.2011.01667.x},
	url = {https://doi.org/10.1111%2Fj.1461-0248.2011.01667.x},
	year = 2011,
	month = {aug},
	publisher = {Wiley-Blackwell},
	volume = {14},
	number = {10},
	pages = {1010-1016},
	author = {Dominique Gravel and Fran{\c{c}}ois Massol and Elsa Canard and David Mouillot and Nicolas Mouquet},
	title = {Trophic theory of island biogeography},
	journal = {Ecology Letters}
}