@article{ID80053073380,
	doi = {10.1017/s0031182011001247},
	url = {https://doi.org/10.1017%2Fs0031182011001247},
	year = 2011,
	month = {aug},
	publisher = {Cambridge University Press ({CUP})},
	volume = {138},
	number = {11},
	pages = {1429-1435},
	author = {MATTHIAS GALIPAUD and ZO{\'{E}} GAUTHEY and LO√èC BOLLACHE},
	title = {Pairing success and sperm reserve of male Gammarus pulex infected by Cyathocephalus truncatus (Cestoda: Spathebothriidea)},
	journal = {Parasitology}
}