@article{ID80052542688,
	doi = {10.1007/s13280-011-0179-8},
	url = {https://doi.org/10.1007%2Fs13280-011-0179-8},
	year = 2011,
	month = {aug},
	publisher = {Springer Nature},
	volume = {40},
	number = {6},
	pages = {705-716},
	author = {Terry V. Callaghan and Craig E. Tweedie and Jonas {\AA}kerman and Christopher Andrews and Johan Bergstedt and Malcolm G. Butler and Torben R. Christensen and Dorothy Cooley and Ulrika Dahlberg and Ryan K. Danby and Fred J. A. Dani{\cyrchar\cyryo}ls and Johannes G. de Molenaar and Jan Dick and Christian Ebbe Mortensen and Diane Ebert-May and Urban Emanuelsson and H{\aa}kan Eriksson and Henrik Heden{\aa}s and Greg. H. R. Henry and David S. Hik and John E. Hobbie and Elin J. Jantze and Cornelia Jaspers and Cecilia Johansson and Margareta Johansson and David R. Johnson and Jill F. Johnstone and Christer Jonasson and Catherine Kennedy and Alice J. Kenney and Frida Keuper and Saewan Koh and Charles J. Krebs and Hugues Lantuit and Mark J. Lara and David Lin and Vanessa L. Lougheed and Jesper Madsen and Nadya Matveyeva and Daniel C. McEwen and Isla H. Myers-Smith and Yuriy K. Narozhniy and H{\aa}kan Olsson and Veijo A. Pohjola and Larry W. Price and Frank Rig{\'{e}}t and Sara Rundqvist and Anneli Sandstr√∂m and Mikkel Tamstorf and Rik Van Bogaert and Sandra Villarreal and Patrick J. Webber and Valeriy A. Zemtsov},
	title = {Multi-decadal changes in tundra environments and ecosystems: Synthesis of the international Polar year-back to the future project (IPY-BTF)},
	journal = {{AMBIO}}
}