@article{ID80053605229,
	doi = {10.1371/journal.pone.0025891},
	url = {https://doi.org/10.1371%2Fjournal.pone.0025891},
	year = 2011,
	month = {oct},
	publisher = {Public Library of Science ({PLoS})},
	volume = {6},
	number = {10},
	pages = {e25891},
	author = {Bo Dalsgaard and Else Mag{\aa}rd and Jon Fjelds{\aa} and Ana M. Mart{\'{\i}}n Gonz{\'{a}}lez and Carsten Rahbek and Jens M. Olesen and Jeff Ollerton and Ruben Alarc{\'{o}}n and Andrea Cardoso Araujo and Peter A. Cotton and Carlos Lara and Caio Graco Machado and Ivan Sazima and Marlies Sazima and Allan Timmermann and Stella Watts and Brody Sandel and William J. Sutherland and Jens-Christian Svenning},
	editor = {Anna Traveset},
	title = {Specialization in plant-hummingbird networks is associated with species richness, contemporary precipitation and quaternary climate-change velocity},
	journal = {{PLoS} {ONE}}
}