@article{ID80555149365,
	doi = {10.1126/science.1210173},
	url = {https://doi.org/10.1126%2Fscience.1210173},
	year = 2011,
	month = {oct},
	publisher = {American Association for the Advancement of Science ({AAAS})},
	volume = {334},
	number = {6056},
	pages = {660-664},
	author = {B. Sandel and L. Arge and B. Dalsgaard and R. G. Davies and K. J. Gaston and W. J. Sutherland and J.-C. Svenning},
	title = {The influence of late quaternary climate-change velocity on species endemism},
	journal = {Science}
}