@article{ID80455125918,
	doi = {10.1371/journal.pone.0027027},
	url = {https://doi.org/10.1371%2Fjournal.pone.0027027},
	year = 2011,
	month = {nov},
	publisher = {Public Library of Science ({PLoS})},
	volume = {6},
	number = {11},
	pages = {e27027},
	author = {Wolf L. Eiserhardt and Stine Bjorholm and Jens-Christian Svenning and Thiago F. Rangel and Henrik Balslev},
	editor = {Nathan G. Swenson},
	title = {Testing the water-energy theory on american palms (arecaceae) using geographically weighted regression},
	journal = {{PLoS} {ONE}}
}