@article{ID80855138712,
	doi = {10.1007/s00442-011-2045-6},
	url = {https://doi.org/10.1007%2Fs00442-011-2045-6},
	year = 2011,
	month = {jun},
	publisher = {Springer Nature},
	volume = {167},
	number = {4},
	pages = {967-980},
	author = {David Duchesne and Gilles Gauthier and Dominique Berteaux},
	title = {Habitat selection, reproduction and predation of wintering lemmings in the Arctic},
	journal = {Oecologia}
}