@article{ID80053139413,
	doi = {10.1073/pnas.1110245108},
	url = {https://doi.org/10.1073%2Fpnas.1110245108},
	year = 2011,
	month = {aug},
	publisher = {Proceedings of the National Academy of Sciences},
	volume = {108},
	number = {38},
	pages = {15887-15891},
	author = {D. B. Lindenmayer and R. J. Hobbs and G. E. Likens and C. J. Krebs and S. C. Banks},
	title = {Newly discovered landscape traps produce regime shifts in wet forests},
	journal = {Proceedings of the National Academy of Sciences}
}