@article{ID80054098025,
	doi = {10.1071/wr11009},
	url = {https://doi.org/10.1071%2Fwr11009},
	year = 2011,
	publisher = {{CSIRO} Publishing},
	volume = {38},
	number = {5},
	pages = {419},
	author = {Jim Hone and Charles J. Krebs and Mark O{\textquotesingle}Donoghue},
	title = {Is the relationship between predator and prey abundances related to climate for lynx and snowshoe hares?},
	journal = {Wildlife Research}
}