@article{ID80051778052,
	doi = {10.1093/icb/icr044},
	url = {https://doi.org/10.1093%2Ficb%2Ficr044},
	year = 2011,
	month = {jun},
	publisher = {Oxford University Press ({OUP})},
	volume = {51},
	number = {3},
	pages = {394-408},
	author = {F. Vezina and A. Dekinga and T. Piersma},
	title = {Shorebirds' seasonal adjustments in thermogenic capacity are reflected by changes in body mass: How preprogrammed and instantaneous acclimation work together},
	journal = {Integrative and Comparative Biology}
}