@article{ID80051666460,
	doi = {10.1007/s00442-011-1971-7},
	url = {https://doi.org/10.1007%2Fs00442-011-1971-7},
	year = 2011,
	month = {mar},
	publisher = {Springer Nature},
	volume = {167},
	number = {1},
	pages = {49-59},
	author = {Ann M. A. Harding and Jorg Welcker and Harald Steen and Keith C. Hamer and Alexander S. Kitaysky and J{\'{e}}r{\^{o}}me Fort and Sandra L. Talbot and Leslie A. Cornick and Nina J. Karnovsky and Geir W. Gabrielsen and David Gr{\'{e}}millet},
	title = {Adverse foraging conditions may impact body mass and survival of a high Arctic seabird},
	journal = {Oecologia}
}