@article{ID80051583424,
	doi = {10.1016/j.agee.2011.05.026},
	url = {https://doi.org/10.1016%2Fj.agee.2011.05.026},
	year = 2011,
	month = {aug},
	publisher = {Elsevier {BV}},
	volume = {142},
	number = {3-4},
	pages = {291-302},
	author = {Mette V. Odgaard and Peder K. B{\o}cher and Tommy Dalgaard and Jens-Christian Svenning},
	title = {Climatic and non-climatic drivers of spatiotemporal maize-area dynamics across the northern limit for maize production-A case study from Denmark},
	journal = {Agriculture, Ecosystems {\&} Environment}
}