@article{ID80051705204,
	doi = {10.1111/j.1755-0998.2011.03015.x},
	url = {https://doi.org/10.1111%2Fj.1755-0998.2011.03015.x},
	year = 2011,
	month = {apr},
	publisher = {Wiley-Blackwell},
	volume = {11},
	number = {5},
	pages = {877-889},
	author = {GLENN YANNIC and ROBERTO SERMIER and ADRIAN AEBISCHER and MARIA V. GAVRILO and OLIVIER GILG and CECILIE MILJETEIG and BRIGITTE SABARD and HALLVARD STR{\O}M and EMMANUELLE POUIV{\'{E}} and T. BROQUET},
	title = {Description of microsatellite markers and genotyping performances using feathers and buccal swabs for the Ivory gull (Pagophila eburnea)},
	journal = {Molecular Ecology Resources}
}