@article{ID80052951590,
	doi = {10.1098/rspb.2010.2769},
	url = {https://doi.org/10.1098%2Frspb.2010.2769},
	year = 2011,
	month = {may},
	publisher = {The Royal Society},
	volume = {278},
	number = {1725},
	pages = {3644-3653},
	author = {S. Normand and R. E. Ricklefs and F. Skov and J. Bladt and O. Tackenberg and J.-C. Svenning},
	title = {Postglacial migration supplements climate in determining plant species ranges in Europe},
	journal = {Proceedings of the Royal Society B: Biological Sciences}
}