@article{ID81255168923,
	doi = {10.1016/j.pocean.2011.05.002},
	url = {https://doi.org/10.1016%2Fj.pocean.2011.05.002},
	year = 2011,
	month = {dec},
	publisher = {Elsevier {BV}},
	volume = {91},
	number = {4},
	pages = {410-436},
	author = {Alexandre Forest and Jean-{\'{E}}ric Tremblay and Yves Gratton and Johannie Martin and Jonathan Gagnon and G{\'{e}}rald Darnis and Makoto Sampei and Louis Fortier and Mathieu Ardyna and Michel Gosselin and Hiroshi Hattori and Dan Nguyen and Roxane Maranger and Dolors Vaqu{\'{e}} and C{\`{e}}lia Marras{\'{e}} and Carlos Pedr{\'{o}}s-Ali{\'{o}} and Am{\'{e}}lie Sallon and Christine Michel and Colleen Kellogg and Jody Deming and Elizabeth Shadwick and Helmuth Thomas and Heike Link and Philippe Archambault and Dieter Piepenburg},
	title = {Biogenic carbon flows through the planktonic food web of the Amundsen Gulf (Arctic Ocean): A synthesis of field measurements and inverse modeling analyses},
	journal = {Progress in Oceanography}
}