@article{ID81755169114,
	doi = {10.1560/ijee.56.3-4.393},
	url = {https://doi.org/10.1560%2Fijee.56.3-4.393},
	year = 2010,
	month = {jan},
	publisher = {Brill Academic Publishers},
	volume = {56},
	number = {3-4},
	pages = {393-416},
	author = {Michael B. Bonsall and Robert D. Holt},
	title = {Apparent competition and vector-host interactions},
	journal = {Israel Journal of Ecology {\&} Evolution}
}