@article{ID8144223706,
	doi = {10.1111/j.0021-8790.2004.00882.x},
	url = {https://doi.org/10.1111%2Fj.0021-8790.2004.00882.x},
	year = 2004,
	month = {nov},
	publisher = {Wiley-Blackwell},
	volume = {73},
	number = {6},
	pages = {1129-1136},
	author = {ROLF A. IMS and NIGEL G. YOCCOZ and SNORRE B. HAGEN},
	title = {Do sub-Arctic winter moth populations in coastal birch forest exhibit spatially synchronous dynamics?},
	journal = {Journal of Animal Ecology}
}