@article{ID81755169115,
	doi = {10.1560/ijee.56.3-4.237},
	url = {https://doi.org/10.1560%2Fijee.56.3-4.237},
	year = 2010,
	month = {jan},
	publisher = {Brill Academic Publishers},
	volume = {56},
	number = {3-4},
	pages = {237-237},
	author = {Leon Blaustein and Richard S. Ostfeld and Robert D. Holt},
	title = {A community-ecology framework for understanding vector and vector-borne disease dynamics},
	journal = {Israel Journal of Ecology {\&} Evolution}
}