@article{ID81255157499,
	doi = {10.1016/j.jnc.2011.07.003},
	url = {https://doi.org/10.1016%2Fj.jnc.2011.07.003},
	year = 2011,
	month = {dec},
	publisher = {Elsevier {BV}},
	volume = {19},
	number = {6},
	pages = {368-369},
	author = {Michelle Greve and Jens-Christian Svenning},
	title = {A paper park-as seen from the air},
	journal = {Journal for Nature Conservation}
}