@article{ID81355141503,
	doi = {10.1071/wr11031},
	url = {https://doi.org/10.1071%2Fwr11031},
	year = 2011,
	publisher = {{CSIRO} Publishing},
	volume = {38},
	number = {6},
	pages = {525},
	author = {{\AA}shild {\O}. Pedersen and Lasse Asmyhr and Hans Christian Pedersen and Nina E. Eide},
	title = {Nest-predator prevalence along a mountain birchalpine tundra ecotone},
	journal = {Wildlife Research}
}