@article{ID81855190632,
	doi = {10.1093/aob/mcr146},
	url = {https://doi.org/10.1093%2Faob%2Fmcr146},
	year = 2011,
	month = {jun},
	publisher = {Oxford University Press ({OUP})},
	volume = {108},
	number = {8},
	pages = {1391-1416},
	author = {Wolf L. Eiserhardt and Jens-Christian Svenning and W. Daniel Kissling and Henrik Balslev},
	title = {Geographical ecology of the palms (Arecaceae): Determinants of diversity and distributions across spatial scales},
	journal = {Annals of Botany}
}