@article{ID81555220127,
	doi = {10.1038/479299a},
	url = {https://doi.org/10.1038%2F479299a},
	year = 2011,
	month = {nov},
	publisher = {Springer Nature},
	volume = {479},
	number = {7373},
	pages = {299-299},
	author = {Am{\'{e}}lie LescroÃ«l and David Gr{\'{e}}millet},
	title = {Antarctica: Fishery threatens protected ocean},
	journal = {Nature}
}