@article{ID8144224219,
	doi = {10.1111/j.0021-8790.2004.00885.x},
	url = {https://doi.org/10.1111%2Fj.0021-8790.2004.00885.x},
	year = 2004,
	month = {nov},
	publisher = {Wiley-Blackwell},
	volume = {73},
	number = {6},
	pages = {1056-1068},
	author = {NINA E. EIDE and JANE U. JEPSEN and PAL PRESTRUD},
	title = {Spatial organization of reproductive Arctic foxes Alopex lagopus: Responses to changes in spatial and temporal availability of prey},
	journal = {Journal of Animal Ecology}
}