@article{ID81255158843,
	doi = {10.1007/s00300-011-1046-6},
	url = {https://doi.org/10.1007%2Fs00300-011-1046-6},
	year = 2011,
	month = {jul},
	publisher = {Springer Nature},
	volume = {34},
	number = {12},
	pages = {2025-2038},
	author = {Heike Link and Philippe Archambault and Tobias Tamelander and Paul E. Renaud and Dieter Piepenburg},
	title = {Spring-to-summer changes and regional variability of benthic processes in the western Canadian Arctic},
	journal = {Polar Biology}
}