@article{ID81355138826,
	doi = {10.1038/hdy.2011.41},
	url = {https://doi.org/10.1038%2Fhdy.2011.41},
	year = 2011,
	month = {jun},
	publisher = {Springer Nature},
	volume = {107},
	number = {6},
	pages = {548-557},
	author = {A D McDevitt and R Vega and R V Rambau and G Yannic and J S Herman and T J Hayden and J B Searle},
	title = {Colonization of Ireland: Revisiting the pygmy shrew syndrome using mitochondrial, y chromosomal and microsatellite markers},
	journal = {Heredity}
}