@article{ID81755169099,
	doi = {10.1560/ijee.56.3-4.239},
	url = {https://doi.org/10.1560%2Fijee.56.3-4.239},
	year = 2010,
	month = {jan},
	publisher = {Brill Academic Publishers},
	volume = {56},
	number = {3-4},
	pages = {239-250},
	author = {Robert D. Holt},
	title = {IJEE soapbox: A World free of parasites and vectors: Would it be heaven, or would it be hell?},
	journal = {Israel Journal of Ecology {\&} Evolution}
}