@article{ID82955227501,
	doi = {10.1111/j.1365-294x.2011.05358.x},
	url = {https://doi.org/10.1111%2Fj.1365-294x.2011.05358.x},
	year = 2011,
	month = {nov},
	publisher = {Wiley-Blackwell},
	volume = {20},
	number = {24},
	pages = {5348-5358},
	author = {ELI GEFFEN and MICHAEL KAM and REUVEN HEFNER and PALL HERSTEINSSON and ANDERS ANGERBJÃ–RN and LOVE DAL{\`{E}}N and EVA FUGLEI and KARIN NOR{\`{E}}N and JENNIFER R. ADAMS and JOHN VUCETICH and THOMAS J. MEIER and L. D. MECH and BRIDGETT M. VonHOLDT and DANIEL R. STAHLER and ROBERT K. WAYNE},
	title = {Kin encounter rate and inbreeding avoidance in canids},
	journal = {Molecular Ecology}
}