@article{ID82255175166,
	doi = {10.1007/s00300-011-1030-1},
	url = {https://doi.org/10.1007%2Fs00300-011-1030-1},
	year = 2011,
	month = {may},
	publisher = {Springer Nature},
	volume = {35},
	number = {1},
	pages = {53-62},
	author = {Doroth{\'{e}}e Ehrich and Lindsey Carmichael and Eva Fuglei},
	title = {Age-dependent genetic structure of arctic foxes in Svalbard},
	journal = {Polar Biology}
}