@article{ID82555194066,
	doi = {10.1007/s12229-011-9084-x},
	url = {https://doi.org/10.1007%2Fs12229-011-9084-x},
	year = 2011,
	month = {jun},
	publisher = {Springer Nature},
	volume = {77},
	number = {4},
	pages = {381-425},
	author = {Henrik Balslev and Francis Kahn and Betty Millan and Jens-Christian Svenning and Thea Kristiansen and Finn Borchsenius and Dennis Pedersen and Wolf L. Eiserhardt},
	title = {Species Diversity and Growth Forms in Tropical American Palm Communities},
	journal = {The Botanical Review}
}