@inproceedings{ID82355168882,
	doi = {10.1109/igarss.2007.4423520},
	url = {https://doi.org/10.1109%2Figarss.2007.4423520},
	year = 2007,
	publisher = {{IEEE}},
	author = {Antoine Collin and Antoine Cottin and Bernard Long and Pim Kuus and John Hughes Clarke and Phillippe Archambault and Gunho Sohn and John Miller},
	title = {Statistical classification methodology of SHOALS 3000 backscatter to mapping coastal benthic habitats},
	booktitle = {2007 {IEEE} International Geoscience and Remote Sensing Symposium},
	pages = {3178-3181},
	journal = {International Geoscience and Remote Sensing Symposium (IGARSS)}
}