@article{ID82255162629,
	doi = {10.1016/j.baae.2011.09.009},
	url = {https://doi.org/10.1016%2Fj.baae.2011.09.009},
	year = 2011,
	month = {dec},
	publisher = {Elsevier {BV}},
	volume = {12},
	number = {8},
	pages = {643-653},
	author = {Virve Tuulia Ravolainen and Kari Anne Br{\aa}then and Rolf Anker Ims and Nigel Gilles Yoccoz and John-Andr{\'{e}} Henden and Siw T. Killengreen},
	title = {Rapid, landscape scale responses in riparian tundra vegetation to exclusion of small and large mammalian herbivores},
	journal = {Basic and Applied Ecology}
}