@article{ID82255170829,
	doi = {10.1186/1471-2148-11-346},
	url = {https://doi.org/10.1186%2F1471-2148-11-346},
	year = 2011,
	publisher = {Springer Nature},
	volume = {11},
	number = {1},
	pages = {346},
	author = {Marte H J{\o}rgensen and Dorothee Ehrich and Roswitha Schmickl and Marcus A Koch and Anne K Brysting},
	title = {Interspecific and interploidal gene flow in Central European Arabidopsis (Brassicaceae)},
	journal = {{BMC} Evolutionary Biology}
}