@incollection{ID82955223678,
	doi = {10.1016/b978-012369454-6/50015-7},
	url = {https://doi.org/10.1016%2Fb978-012369454-6%2F50015-7},
	year = 2007,
	publisher = {Elsevier},
	pages = {25-51},
	author = {G SINGLETON and C KREBS},
	title = {The Secret World of Wild Mice},
	booktitle = {The Mouse in Biomedical Research},
	volume = {1},
	journal = {The Mouse in Biomedical Research}
}