@article{ID83655190648,
	doi = {10.1086/663196},
	url = {https://doi.org/10.1086%2F663196},
	year = 2012,
	month = {jan},
	publisher = {University of Chicago Press},
	volume = {179},
	number = {1},
	pages = {137-144},
	author = {Philippe Desjardins-Proulx and Dominique Gravel},
	title = {How likely is speciation in neutral ecology?},
	journal = {The American Naturalist}
}