@article{ID83155165228,
	doi = {10.2980/18-3-3448},
	url = {https://doi.org/10.2980%2F18-3-3448},
	year = 2011,
	month = {sep},
	publisher = {Informa {UK} Limited},
	volume = {18},
	number = {3},
	pages = {236-261},
	author = {Warwick F. Vincent and Daniel Fortier and Esther L{\'{e}}vesque and No{\'{e}}mie Boulanger-Lapointe and Beno{\^{\i}}t Tremblay and Denis Sarrazin and Dermot Antoniades and Derek R. Mueller},
	title = {Extreme ecosystems and geosystems in the Canadian High Arctic: Ward Hunt Island and vicinity},
	journal = {{\'{E}}coscience}
}