@article{ID83455196231,
	doi = {10.1525/cond.2011.100083},
	url = {https://doi.org/10.1525%2Fcond.2011.100083},
	year = 2011,
	month = {nov},
	publisher = {Cooper Ornithological Society},
	volume = {113},
	number = {4},
	pages = {779-794},
	author = {Audrey R. Taylor and Richard B. Lanctot and Abby N. Powell and Steven J. Kendall and Debora A. Nigro},
	title = {Residence time and movements of postbreeding shorebirds on the northern coast of Alaska},
	journal = {The Condor}
}