@article{ID83555178529,
	doi = {10.1111/j.1365-2699.2011.02581.x},
	url = {https://doi.org/10.1111%2Fj.1365-2699.2011.02581.x},
	year = 2011,
	month = {aug},
	publisher = {Wiley-Blackwell},
	volume = {39},
	number = {1},
	pages = {204-214},
	author = {Isabelle Boulangeat and S{\'{e}}bastien Lavergne and J{\'{e}}r{\'{e}}mie Van Es and Luc Garraud and Wilfried Thuiller},
	title = {Niche breadth, rarity and ecological characteristics within a regional flora spanning large environmental gradients},
	journal = {Journal of Biogeography}
}