@article{ID83455235358,
	doi = {10.1111/j.1365-2745.2011.01917.x},
	url = {https://doi.org/10.1111%2Fj.1365-2745.2011.01917.x},
	year = 2011,
	month = {dec},
	publisher = {Wiley-Blackwell},
	volume = {100},
	number = {1},
	pages = {88-103},
	author = {Helen M. Alexander and Bryan L. Foster and Ford Ballantyne and Cathy D. Collins and Janis Antonovics and Robert D. Holt},
	title = {Metapopulations and metacommunities: Combining spatial and temporal perspectives in plant ecology},
	journal = {Journal of Ecology}
}