@article{ID83155165219,
	doi = {10.2980/18-3-3453},
	url = {https://doi.org/10.2980%2F18-3-3453},
	year = 2011,
	month = {sep},
	publisher = {Informa {UK} Limited},
	volume = {18},
	number = {3},
	pages = {223-235},
	author = {Gilles Gauthier and Dominique Berteaux and JoÃ«l B{\^{e}}ty and Arnaud Tarroux and Jean-Fran{\c{c}}ois Therrien and Laura McKinnon and Pierre Legagneux and Marie-Christine Cadieux},
	title = {The tundra food web of Bylot Island in a changing climate and the role of exchanges between ecosystems},
	journal = {{\'{E}}coscience}
}