@article{ID83355166775,
	doi = {10.1007/s10144-011-0295-0},
	url = {https://doi.org/10.1007%2Fs10144-011-0295-0},
	year = 2011,
	month = {nov},
	publisher = {Springer Nature},
	volume = {54},
	number = {1},
	pages = {55-63},
	author = {Petter Glorvigen and Ottar N. Bj{\o}rnstad and Harry P. Andreassen and Rolf A. Ims},
	title = {Settlement in empty versus occupied habitats: An experimental study on bank voles},
	journal = {Population Ecology}
}