@article{ID83455177748,
	doi = {10.1016/j.actao.2011.11.002},
	url = {https://doi.org/10.1016%2Fj.actao.2011.11.002},
	year = 2012,
	month = {feb},
	publisher = {Elsevier {BV}},
	volume = {39},
	pages = {33-42},
	author = {Ane Kirstine Brunbjerg and Rasmus Ejrn{\ae}s and Jens-Christian Svenning},
	title = {Species sorting dominates plant metacommunity structure in coastal dunes},
	journal = {Acta Oecologica}
}