@article{ID84920746979,
	doi = {10.1016/j.biocon.2014.12.013},
	url = {https://doi.org/10.1016%2Fj.biocon.2014.12.013},
	year = 2015,
	month = {feb},
	publisher = {Elsevier {BV}},
	volume = {182},
	pages = {243-253},
	author = {Ane Kirstine Brunbjerg and Gorm Pilgaard J{\o}rgensen and Kristian Mandsberg Nielsen and Morten Lauge Pedersen and Jens-Christian Svenning and Rasmus Ejrn{\ae}s},
	title = {Disturbance in dry coastal dunes in Denmark promotes diversity of plants and arthropods},
	journal = {Biological Conservation}
}