@article{ID84964543187,
	doi = {10.1007/s00442-016-3635-0},
	url = {https://doi.org/10.1007%2Fs00442-016-3635-0},
	year = 2016,
	month = {apr},
	publisher = {Springer Nature},
	volume = {181},
	number = {4},
	pages = {1129-1138},
	author = {E. R. Unnsteinsdottir and P. Hersteinsson and S. P{\'{a}}lsson and A. Angerbj√∂rn},
	title = {The fall and rise of the Icelandic Arctic fox (Vulpes lagopus): a 50-year demographic study on a non-cyclic Arctic fox population},
	journal = {Oecologia}
}