@article{ID84928666376,
	doi = {10.1016/j.anbehav.2015.04.002},
	url = {https://doi.org/10.1016%2Fj.anbehav.2015.04.002},
	year = 2015,
	month = {jul},
	publisher = {Elsevier {BV}},
	volume = {105},
	pages = {1-10},
	author = {Lo√Øc A. Hardouin and Pierre Legagneux and Yves Hingrat and Alexandre Robert},
	title = {Sex-specific dispersal responses to inbreeding and kinship},
	journal = {Animal Behaviour}
}