@article{ID84855459967,
	doi = {10.1111/j.1461-0248.2011.01716.x},
	url = {https://doi.org/10.1111%2Fj.1461-0248.2011.01716.x},
	year = 2011,
	month = {dec},
	publisher = {Wiley-Blackwell},
	volume = {15},
	number = {2},
	pages = {164-175},
	author = {Sarah C. Elmendorf and Gregory H. R. Henry and Robert D. Hollister and Robert G. Björk and Anne D. Bjorkman and Terry V. Callaghan and Laura Siegwart Collier and Elisabeth J. Cooper and Johannes H. C. Cornelissen and Thomas A. Day and Anna Maria Fosaa and William A. Gould and J{\'{a}}rnger{\dh}ur Gr{\'{e}}tarsd{\'{o}}ttir and John Harte and Luise Hermanutz and David S. Hik and Annika Hofgaard and Frith Jarrad and Ingibjörg Svala J{\'{o}}nsd{\'{o}}ttir and Frida Keuper and Kari Klanderud and Julia A. Klein and Saewan Koh and Gaku Kudo and Simone I. Lang and Val Loewen and Jeremy L. May and Joel Mercado and Anders Michelsen and Ulf Molau and Isla H. Myers-Smith and Steven F. Oberbauer and Sara Pieper and Eric Post and Christian Rixen and Clare H. Robinson and Niels Martin Schmidt and Gaius R. Shaver and Anna Stenström and Anne Tolvanen and {\O}rjan Totland and Tiffany Troxler and Carl-Henrik Wahren and Patrick J. Webber and Jeffery M. Welker and Philip A. Wookey},
	title = {Global assessment of experimental climate warming on tundra vegetation: Heterogeneity over space and time},
	journal = {Ecology Letters}
}