@article{ID84899117453,
	doi = {10.7717/peerj.357},
	url = {https://doi.org/10.7717%2Fpeerj.357},
	year = 2014,
	month = {apr},
	publisher = {{PeerJ}},
	volume = {2},
	pages = {e357},
	author = {{\AA}se Kristine Rognmo Mikalsen and Ivar Folstad and Nigel Gilles Yoccoz and Bruno Laeng},
	title = {The spectacular human nose: An amplifier of individual quality?},
	journal = {{PeerJ}},
	number = {1}
}