@article{ID84887300343,
	doi = {10.1186/2193-1801-2-567},
	url = {https://doi.org/10.1186%2F2193-1801-2-567},
	year = 2013,
	publisher = {Springer Nature},
	volume = {2},
	number = {1},
	pages = {567},
	author = {Meagan McCloskey and Stacey Robinson and Paul A Smith and Mark Forbes},
	title = {Mercury concentration in the eggs of four Canadian Arctic-breeding shorebirds not predicted based on their population statuses},
	journal = {{SpringerPlus}}
}