@article{ID84899539048,
	doi = {10.1038/nclimate2168},
	url = {https://doi.org/10.1038%2Fnclimate2168},
	year = 2014,
	month = {mar},
	publisher = {Springer Nature},
	volume = {4},
	number = {5},
	pages = {379-383},
	author = {P. Legagneux and G. Gauthier and N. Lecomte and N. M. Schmidt and D. Reid and M-C. Cadieux and D. Berteaux and J. B{\^{e}}ty and C. J. Krebs and R. A. Ims and N. G. Yoccoz and R. I. G. Morrison and S. J. Leroux and M. Loreau and D. Gravel},
	title = {Arctic ecosystem structure and functioning shaped by climate and herbivore body size},
	journal = {Nature Climate Change}
}