@article{ID84895725714,
	doi = {10.7717/peerj.285},
	url = {https://doi.org/10.7717%2Fpeerj.285},
	year = 2014,
	month = {mar},
	publisher = {{PeerJ}},
	volume = {2},
	pages = {e285},
	author = {Fr{\'{e}}d{\'{e}}ric Barraquand and Thomas H. G. Ezard and Peter S. J{\o}rgensen and Naupaka Zimmerman and Scott Chamberlain and Roberto Salguero-G{\'{o}}mez and Timothy J. Curran and Timoth{\'{e}}e Poisot},
	title = {Lack of quantitative training among early-career ecologists: A survey of the problemand potential solutions},
	journal = {{PeerJ}},
	number = {1}
}