@article{ID84934094947,
	doi = {10.1111/ele.12409},
	url = {https://doi.org/10.1111%2Fele.12409},
	year = 2015,
	month = {jan},
	publisher = {Wiley-Blackwell},
	volume = {18},
	number = {3},
	pages = {263-272},
	author = {Wolf L. Eiserhardt and Finn Borchsenius and Christoffer M. Plum and Alejandro Ordonez and Jens-Christian Svenning},
	editor = {Helene Morlon},
	title = {Climate-driven extinctions shape the phylogenetic structure of temperate tree floras},
	journal = {Ecology Letters}
}