@article{ID84905970539,
	doi = {10.1098/rspb.2014.0502},
	url = {https://doi.org/10.1098%2Frspb.2014.0502},
	year = 2014,
	month = {aug},
	publisher = {The Royal Society},
	volume = {281},
	number = {1792},
	pages = {20140502-20140502},
	author = {G. Yannic and L. Pellissier and M. Le Corre and C. Dussault and L. Bernatchez and S. D. Cote},
	title = {Temporally dynamic habitat suitability predicts genetic relatedness among caribou},
	journal = {Proceedings of the Royal Society B: Biological Sciences}
}