@article{ID84919743010,
	doi = {10.1111/1365-2656.12279},
	url = {https://doi.org/10.1111%2F1365-2656.12279},
	year = 2014,
	month = {sep},
	publisher = {Wiley-Blackwell},
	volume = {84},
	number = {1},
	pages = {249-259},
	author = {Emily K. Studd and Stan Boutin and Andrew G. McAdam and Charles J. Krebs and Murray M. Humphries},
	editor = {Tim Coulson},
	title = {Predators, energetics and fitness drive neonatal reproductive failure in red squirrels},
	journal = {Journal of Animal Ecology}
}