@article{ID84892955935,
	doi = {10.1016/j.scitotenv.2014.01.016},
	url = {https://doi.org/10.1016%2Fj.scitotenv.2014.01.016},
	year = 2014,
	month = {apr},
	publisher = {Elsevier {BV}},
	volume = {476-477},
	pages = {308-316},
	author = {J. F. Provencher and B. M. Braune and H. G. Gilchrist and M. R. Forbes and M. L. Mallory},
	title = {Trace element concentrations and gastrointestinal parasites of Arctic terns breeding in the Canadian High Arctic},
	journal = {Science of The Total Environment}
}