@article{ID84920885282,
	doi = {10.1016/j.ympev.2014.11.001},
	url = {https://doi.org/10.1016%2Fj.ympev.2014.11.001},
	year = 2015,
	month = {mar},
	publisher = {Elsevier {BV}},
	volume = {84},
	pages = {14-26},
	author = {S{\o}ren Faurby and Jens-Christian Svenning},
	title = {A species-level phylogeny of all extant and late Quaternary extinct mammals using a novel heuristic-hierarchical Bayesian approach},
	journal = {Molecular Phylogenetics and Evolution}
}