@article{ID84872618040,
	doi = {10.1111/ele.12042},
	url = {https://doi.org/10.1111%2Fele.12042},
	year = 2012,
	month = {dec},
	publisher = {Wiley-Blackwell},
	volume = {16},
	number = {2},
	pages = {271-280},
	author = {M. J. Sheriff and O. P. Love},
	editor = {Jean Clobert},
	title = {Determining the adaptive potential of maternal stress},
	journal = {Ecology Letters}
}