@article{ID84994589192,
	doi = {10.3390/w8100427},
	url = {https://doi.org/10.3390%2Fw8100427},
	year = 2016,
	month = {sep},
	publisher = {{MDPI} {AG}},
	volume = {8},
	number = {10},
	pages = {427},
	author = {Korhan Ã–zkan and Erik Jeppesen and Thomas Davidson and Rikke Bjerring and Liselotte Johansson and Martin S{\o}ndergaard and Torben Lauridsen and Jens-Christian Svenning},
	title = {Long-term trends and temporal synchrony in plankton richness, diversity and biomass driven by re-oligotrophication and climate across 17 Danish Lakes},
	journal = {Water}
}