@article{ID84861361707,
	doi = {10.3354/meps09299},
	url = {https://doi.org/10.3354%2Fmeps09299},
	year = 2012,
	month = {may},
	publisher = {Inter-Research Science Center},
	volume = {454},
	pages = {171-182},
	author = {JF Provencher and AJ Gaston and PD O'Hara and HG Gilchrist},
	title = {Seabird diet indicates changing Arctic marine communities in eastern Canada},
	journal = {Marine Ecology Progress Series}
}