@article{ID84874316612,
	doi = {10.1111/j.1600-0706.2012.20735.x},
	url = {https://doi.org/10.1111%2Fj.1600-0706.2012.20735.x},
	year = 2012,
	month = {sep},
	publisher = {Wiley-Blackwell},
	volume = {122},
	number = {3},
	pages = {441-453},
	author = {Ricardo M. Holdo and Robert D. Holt and John M. Fryxell},
	title = {Herbivore-vegetation feedbacks can expand the range of savanna persistence: Insights from a simple theoretical model},
	journal = {Oikos}
}