@article{ID84897100708,
	doi = {10.1016/j.rse.2014.02.013},
	url = {https://doi.org/10.1016%2Fj.rse.2014.02.013},
	year = 2014,
	month = {may},
	publisher = {Elsevier {BV}},
	volume = {147},
	pages = {156-172},
	author = {Cici Alexander and Peder Klith B{\o}cher and Lars Arge and Jens-Christian Svenning},
	title = {Regional-scale mapping of tree cover, height and main phenological tree types using airborne laser scanning data},
	journal = {Remote Sensing of Environment}
}