@article{ID84960329778,
	doi = {10.1111/jav.00982},
	url = {https://doi.org/10.1111%2Fjav.00982},
	year = 2016,
	month = {mar},
	publisher = {Wiley-Blackwell},
	volume = {47},
	number = {5},
	pages = {650-658},
	author = {Vincent Marmillot and Gilles Gauthier and Marie-Christine Cadieux and Pierre Legagneux},
	title = {Plasticity in moult speed and timing in an arctic-nesting goose species},
	journal = {Journal of Avian Biology}
}