@article{ID84907228656,
	doi = {10.1073/pnas.1317722111},
	url = {https://doi.org/10.1073%2Fpnas.1317722111},
	year = 2014,
	month = {sep},
	publisher = {Proceedings of the National Academy of Sciences},
	volume = {111},
	number = {38},
	pages = {13745-13750},
	author = {C. Lamanna and B. Blonder and C. Violle and N. J. B. Kraft and B. Sandel and I. ~imova and J. C. Donoghue and J.-C. Svenning and B. J. McGill and B. Boyle and V. Buzzard and S. Dolins and P. M. Jorgensen and A. Marcuse-Kubitza and N. Morueta-Holme and R. K. Peet and W. H. Piel and J. Regetz and M. Schildhauer and N. Spencer and B. Thiers and S. K. Wiser and B. J. Enquist},
	title = {Functional trait space and the latitudinal diversity gradient},
	journal = {Proceedings of the National Academy of Sciences}
}