@article{ID84874039616,
	doi = {10.1186/1742-9994-10-9},
	url = {https://doi.org/10.1186%2F1742-9994-10-9},
	year = 2013,
	publisher = {Springer Nature},
	volume = {10},
	number = {1},
	pages = {9},
	author = {Marija Majer and Jens-Christian Svenning and Trine Bilde},
	title = {Habitat productivity constrains the distribution of social spiders across continents - case study of the genus Stegodyphus},
	journal = {Frontiers in Zoology}
}