@article{ID84971379044,
	doi = {10.1111/geb.12470},
	url = {https://doi.org/10.1111%2Fgeb.12470},
	year = 2016,
	month = {may},
	publisher = {Wiley-Blackwell},
	volume = {25},
	number = {9},
	pages = {1108-1118},
	author = {I. C. Barrio and C. G. Bueno and M. Gartzia and E. M. Soininen and K. S. Christie and J. D. M. Speed and V. T. Ravolainen and B. C. Forbes and G. Gauthier and T. Horstkotte and K. S. Hoset and T. T. H{\o}ye and I. S. J{\'{o}}nsd{\'{o}}ttir and E. L{\'{e}}vesque and M. A. MÃ¶rsdorf and J. Olofsson and P. A. Wookey and D. S. Hik},
	title = {Biotic interactions mediate patterns of herbivore diversity in the Arctic},
	journal = {Global Ecology and Biogeography}
}