@article{ID84933508856,
	doi = {10.1111/ecog.00867},
	url = {https://doi.org/10.1111%2Fecog.00867},
	year = 2014,
	month = {nov},
	publisher = {Wiley-Blackwell},
	volume = {38},
	number = {7},
	pages = {649-658},
	author = {Irena {\v{S}}{\'{\i}}mov{\'{a}} and Cyrille Violle and Nathan J. B. Kraft and David Storch and Jens-Christian Svenning and Brad Boyle and John C. Donoghue and Peter J{\o}rgensen and Brian J. McGill and Naia Morueta-Holme and William H. Piel and Robert K. Peet and Jim Regetz and Mark Schildhauer and Nick Spencer and Barbara Thiers and Susan Wiser and Brian J. Enquist},
	title = {Shifts in trait means and variances in North American tree assemblages: Species richness patterns are loosely related to the functional space},
	journal = {Ecography}
}