@article{ID84864544238,
	doi = {10.1371/journal.pone.0042427},
	url = {https://doi.org/10.1371%2Fjournal.pone.0042427},
	year = 2012,
	month = {aug},
	publisher = {Public Library of Science ({PLoS})},
	volume = {7},
	number = {8},
	pages = {e42427},
	author = {Arnaud Tarroux and JoÃ«l B{\^{e}}ty and Gilles Gauthier and Dominique Berteaux},
	editor = {Stephane Blanc},
	title = {The marine side of a terrestrial carnivore: Intra-population variation in use of allochthonous resources by Arctic foxes},
	journal = {{PLoS} {ONE}}
}