@article{ID84961743154,
	doi = {10.1016/j.envpol.2015.12.061},
	url = {https://doi.org/10.1016%2Fj.envpol.2015.12.061},
	year = 2016,
	month = {apr},
	publisher = {Elsevier {BV}},
	volume = {211},
	pages = {382-388},
	author = {J{\'{e}}r{\^{o}}me Fort and David Gr{\'{e}}millet and Gwendoline Traisnel and Fran{\c{c}}oise Am{\'{e}}lineau and Paco Bustamante},
	title = {Does temporal variation of mercury levels in Arctic seabirds reflect changes in global environmental contamination, or a modification of Arctic marine food web functioning?},
	journal = {Environmental Pollution}
}