@article{ID84922922406,
	doi = {10.1016/j.ppees.2014.05.005},
	url = {https://doi.org/10.1016%2Fj.ppees.2014.05.005},
	year = 2014,
	month = {oct},
	publisher = {Elsevier {BV}},
	volume = {16},
	number = {5},
	pages = {219-227},
	author = {David Nogu{\'{e}}s-Bravo and Fernando Pulido and Miguel B. Ara{\'{u}}jo and Jose Alexandre F. Diniz-Filho and Ra{\'{u}}l Garc{\'{\i}}a-Vald{\'{e}}s and Johannes Kollmann and Jens-Christian Svenning and Fernando Valladares and Miguel A. Zavala},
	title = {Phenotypic correlates of potential range size and range filling in European trees},
	journal = {Perspectives in Plant Ecology, Evolution and Systematics}
}