@article{ID84887158660,
	doi = {10.1016/j.jtbi.2013.04.034},
	url = {https://doi.org/10.1016%2Fj.jtbi.2013.04.034},
	year = 2013,
	month = {dec},
	publisher = {Elsevier {BV}},
	volume = {339},
	pages = {47-57},
	author = {Robert D. Holt and Michael Barfield},
	title = {Direct plant-predator interactions as determinants of food chain dynamics},
	journal = {Journal of Theoretical Biology}
}