@article{ID84987608647,
	doi = {10.1093/biosci/biw080},
	url = {https://doi.org/10.1093%2Fbiosci%2Fbiw080},
	year = 2016,
	month = {jul},
	publisher = {Oxford University Press ({OUP})},
	volume = {66},
	number = {9},
	pages = {722-734},
	author = {Rudy Boonstra and Harry P. Andreassen and Stan Boutin and Jan Hu{\v{s}}ek and Rolf A. Ims and Charles J. Krebs and Christina Skarpe and Petter Wabakken},
	title = {Why do the boreal forest ecosystems of Northwestern Europe differ from those of Western North America?},
	journal = {{BioScience}}
}