@article{ID84930383204,
	doi = {10.1111/geb.12324},
	url = {https://doi.org/10.1111%2Fgeb.12324},
	year = 2015,
	month = {may},
	publisher = {Wiley-Blackwell},
	volume = {24},
	number = {7},
	pages = {826-837},
	author = {Alejandro Ordonez and Jens-Christian Svenning},
	title = {Geographic patterns in functional diversity deficits are linked to glacial-interglacial climate stability and accessibility},
	journal = {Global Ecology and Biogeography}
}