@article{ID84864680948,
	doi = {10.1139/z2012-064},
	url = {https://doi.org/10.1139%2Fz2012-064},
	year = 2012,
	month = {aug},
	publisher = {Canadian Science Publishing},
	volume = {90},
	number = {8},
	pages = {961-971},
	author = {L. McKinnon and M. Picotin and E. Bolduc and C. Juillet and J. B{\^{e}}ty},
	title = {Timing of breeding, peak food availability, and effects of mismatch on chick growth in birds nesting in the High Arctic},
	journal = {Canadian Journal of Zoology}
}