@article{ID84863315738,
	doi = {10.1016/j.aquaculture.2012.05.037},
	url = {https://doi.org/10.1016%2Fj.aquaculture.2012.05.037},
	year = 2012,
	month = {aug},
	publisher = {Elsevier {BV}},
	volume = {356-357},
	pages = {48-54},
	author = {Christopher W. McKindsey and Philippe Archambault and Nathalie Simard},
	title = {Spatial variation of benthic infaunal communities in baie de Gasp√© (eastern Canada) - Influence of mussel aquaculture},
	journal = {Aquaculture}
}