@article{ID84858341097,
	doi = {10.1111/j.1600-0706.2011.19926.x},
	url = {https://doi.org/10.1111%2Fj.1600-0706.2011.19926.x},
	year = 2011,
	month = {nov},
	publisher = {Wiley-Blackwell},
	volume = {121},
	number = {4},
	pages = {481-488},
	author = {Ayco J. M. Tack and Marc T. J. Johnson and Tomas Roslin},
	title = {Sizing up community genetics: It's a matter of scale},
	journal = {Oikos}
}