@article{ID84880838867,
	doi = {10.1007/s00442-012-2549-8},
	url = {https://doi.org/10.1007%2Fs00442-012-2549-8},
	year = 2012,
	month = {dec},
	publisher = {Springer Nature},
	volume = {172},
	number = {4},
	pages = {1007-1016},
	author = {Fr{\'{e}}d{\'{e}}ric Bilodeau and Gilles Gauthier and Dominique Berteaux},
	title = {The effect of snow cover on lemming population cycles in the Canadian High Arctic},
	journal = {Oecologia}
}