@article{ID84921538740,
	doi = {10.1111/acv.12135},
	url = {https://doi.org/10.1111%2Facv.12135},
	year = 2014,
	month = {may},
	publisher = {Wiley-Blackwell},
	volume = {18},
	number = {1},
	pages = {32-43},
	author = {N. Gagnon Lupien and G. Gauthier and C. Lavoie},
	title = {Effect of the invasive common reed on the abundance, richness and diversity of birds in freshwater marshes},
	journal = {Animal Conservation}
}