@article{ID84861381452,
	doi = {10.3354/meps09589},
	url = {https://doi.org/10.3354%2Fmeps09589},
	year = 2012,
	month = {may},
	publisher = {Inter-Research Science Center},
	volume = {454},
	pages = {237-249},
	author = {PA Smith and AJ Gaston},
	title = {Environmental variation and the demography and diet of thick-billed murres},
	journal = {Marine Ecology Progress Series}
}