@article{ID84941182727,
	doi = {10.1098/rsos.140301},
	url = {https://doi.org/10.1098%2Frsos.140301},
	year = 2015,
	month = {jan},
	publisher = {The Royal Society},
	volume = {2},
	number = {1},
	pages = {140301-140301},
	author = {T. D. Williams and S. Bourgeon and A. Cornell and L. Ferguson and M. Fowler and R. B. Fronstin and O. P. Love},
	title = {Mid-winter temperatures, not spring temperatures, predict breeding phenology in the European starling Sturnus vulgaris},
	journal = {Royal Society Open Science}
}