@article{ID84901653003,
	doi = {10.3354/meps10762},
	url = {https://doi.org/10.3354%2Fmeps10762},
	year = 2014,
	month = {may},
	publisher = {Inter-Research Science Center},
	volume = {505},
	pages = {281-293},
	author = {LA Cohen and L Pichegru and D Gr{\'{e}}millet and J Coetzee and L Upfold and PG Ryan},
	title = {Changes in prey availability impact the foraging behaviour and fitness of Cape gannets over a decade},
	journal = {Marine Ecology Progress Series}
}