@article{ID84953262885,
	doi = {10.1038/srep18140},
	url = {https://doi.org/10.1038%2Fsrep18140},
	year = 2016,
	month = {jan},
	publisher = {Springer Nature},
	volume = {6},
	number = {1},
	author = {Eleanor M. Slade and Terhi Riutta and Tomas Roslin and Hanna L. Tuomisto},
	title = {The role of dung beetles in reducing greenhouse gas emissions from cattle farming},
	journal = {Scientific Reports}
}