@article{ID84963546146,
	doi = {10.1002/ece3.2100},
	url = {https://doi.org/10.1002%2Fece3.2100},
	year = 2016,
	month = {apr},
	publisher = {Wiley-Blackwell},
	volume = {6},
	number = {10},
	pages = {3092-3106},
	author = {Ziyu Ma and Brody Sandel and Jens-Christian Svenning},
	title = {Phylogenetic assemblage structure of North American trees is more strongly shaped by glacial-interglacial climate variability in gymnosperms than in angiosperms},
	journal = {Ecology and Evolution}
}