@article{ID84867565619,
	doi = {10.1080/15287394.2012.709445},
	url = {https://doi.org/10.1080%2F15287394.2012.709445},
	year = 2012,
	month = {oct},
	publisher = {Informa {UK} Limited},
	volume = {75},
	number = {21},
	pages = {1298-1313},
	author = {Ingeborg G. Hallanger and Even H. J{\o}rgensen and Eva Fuglei and {\O}ystein Ahlstr{\o}m and Derek C. G. Muir and Bj{\o}rn Munro Jenssen},
	title = {Dietary contaminant exposure affects plasma testosterone, but not thyroid hormones, vitamin A, and vitamin E, in male juvenile arctic foxes (Vulpes lagopus)},
	journal = {Journal of Toxicology and Environmental Health, Part A}
}