@article{ID84857708441,
	doi = {10.3354/aei00035},
	url = {https://doi.org/10.3354%2Faei00035},
	year = 2012,
	month = {jan},
	publisher = {Inter-Research Science Center},
	volume = {2},
	number = {2},
	pages = {117-131},
	author = {C Grant and P Archambault and F Olivier and CW McKindsey},
	title = {Influence of 'bouchot' mussel culture on the benthic environment in a dynamic intertidal system},
	journal = {Aquaculture Environment Interactions}
}