@article{ID84931285676,
	doi = {10.1098/rspb.2014.1574},
	url = {https://doi.org/10.1098%2Frspb.2014.1574},
	year = 2014,
	month = {sep},
	publisher = {The Royal Society},
	volume = {281},
	number = {1793},
	pages = {20141574-20141574},
	author = {T. Amano and B. Sandel and H. Eager and E. Bulteau and J.-C. Svenning and B. Dalsgaard and C. Rahbek and R. G. Davies and W. J. Sutherland},
	title = {Global distribution and drivers of language extinction risk},
	journal = {Proceedings of the Royal Society B: Biological Sciences}
}