@article{ID84885159782,
	doi = {10.1016/j.tpb.2013.07.002},
	url = {https://doi.org/10.1016%2Fj.tpb.2013.07.002},
	year = 2013,
	month = {nov},
	publisher = {Elsevier {BV}},
	volume = {89},
	pages = {1-11},
	author = {Fr{\'{e}}d{\'{e}}ric Barraquand and Nigel G. Yoccoz},
	title = {When can environmental variability benefit population growth? Counterintuitive effects of nonlinearities in vital rates},
	journal = {Theoretical Population Biology}
}