@article{ID84975316967,
	doi = {10.1186/2041-7136-3-16},
	url = {https://doi.org/10.1186%2F2041-7136-3-16},
	year = 2013,
	publisher = {Springer Nature},
	volume = {3},
	number = {1},
	pages = {16},
	author = {Navinder J Singh and Yash Bhatnagar and Nicolas Lecomte and Joseph L Fox and Nigel G Yoccoz},
	title = {No longer tracking greenery in high altitudes: Pastoral practices of Rupshu nomads and their implications for biodiversity conservation},
	journal = {Pastoralism: Research, Policy and Practice}
}