@article{ID84955203316,
	doi = {10.1111/jbi.12613},
	url = {https://doi.org/10.1111%2Fjbi.12613},
	year = 2015,
	month = {sep},
	publisher = {Wiley-Blackwell},
	volume = {43},
	number = {1},
	pages = {145-154},
	author = {Gang Feng and Lingfeng Mao and Brody Sandel and Nathan G. Swenson and Jens-Christian Svenning},
	title = {High plant endemism in China is partially linked to reduced glacial-interglacial climate change},
	journal = {Journal of Biogeography}
}