@article{ID84871831930,
	doi = {10.1088/1748-9326/7/4/044038},
	url = {https://doi.org/10.1088%2F1748-9326%2F7%2F4%2F044038},
	year = 2012,
	month = {dec},
	publisher = {{IOP} Publishing},
	volume = {7},
	number = {4},
	pages = {044038},
	author = {Genevi{\`{e}}ve Dufour-Tremblay and Esther L{\'{e}}vesque and St{\'{e}}phane Boudreau},
	title = {Dynamics at the treeline: Differential responses of Picea mariana and Larix laricina to climate change in eastern subarctic Qu√©bec},
	journal = {Environmental Research Letters}
}