@article{ID84984642660,
	doi = {10.1038/ncomms12573},
	url = {https://doi.org/10.1038%2Fncomms12573},
	year = 2016,
	month = {aug},
	publisher = {Springer Nature},
	volume = {7},
	pages = {12573},
	author = {Claire Jacquet and Charlotte Moritz and Lyne Morissette and Pierre Legagneux and Fran{\c{c}}ois Massol and Philippe Archambault and Dominique Gravel},
	title = {No complexity-stability relationship in empirical ecosystems},
	journal = {Nature Communications}
}