@article{ID84931833893,
	doi = {10.1093/jmammal/gyv062},
	url = {https://doi.org/10.1093%2Fjmammal%2Fgyv062},
	year = 2015,
	month = {may},
	publisher = {Oxford University Press ({OUP})},
	volume = {96},
	number = {3},
	pages = {573-578},
	author = {Dominique Fauteux and Marianne Cheveau and Louis Imbeau and Pierre Drapeau},
	title = {Cyclic Dynamics of a Boreal Southern Red-Backed Vole Population in Northwestern Quebec},
	journal = {Journal of Mammalogy}
}