@article{ID84946416368,
	doi = {10.1111/boj.12349},
	url = {https://doi.org/10.1111%2Fboj.12349},
	year = 2015,
	month = {oct},
	publisher = {Oxford University Press ({OUP})},
	volume = {179},
	number = {4},
	pages = {602-617},
	author = {Bastian GÃ¶ldel and W. Daniel Kissling and Jens-Christian Svenning},
	title = {Geographical variation and environmental correlates of functional trait distributions in palms (Arecaceae) across the New World},
	journal = {Botanical Journal of the Linnean Society}
}