@article{ID84907921084,
	doi = {10.1021/es504045g},
	url = {https://doi.org/10.1021%2Fes504045g},
	year = 2014,
	month = {sep},
	publisher = {American Chemical Society ({ACS})},
	volume = {48},
	number = {19},
	pages = {11560-11567},
	author = {J{\'{e}}r{\^{o}}me Fort and Gregory J. Robertson and David Gr{\'{e}}millet and Gwendoline Traisnel and Paco Bustamante},
	title = {Spatial ecotoxicology: Migratory arctic seabirds are exposed to mercury contamination while overwintering in the northwest Atlantic},
	journal = {Environmental Science {\&} Technology}
}