@article{ID84982531411,
	doi = {10.1111/j.1365-2907.1986.tb00041.x},
	url = {https://doi.org/10.1111%2Fj.1365-2907.1986.tb00041.x},
	year = 1986,
	month = {sep},
	publisher = {Wiley-Blackwell},
	volume = {16},
	number = {3-4},
	pages = {187-194},
	author = {C. J. KREBS},
	title = {Are lagomorphs similar to other small mammals in their population ecology?},
	journal = {Mammal Review}
}