@article{ID84909952351,
	doi = {10.1016/j.earscirev.2014.10.004},
	url = {https://doi.org/10.1016%2Fj.earscirev.2014.10.004},
	year = 2015,
	month = {jan},
	publisher = {Elsevier {BV}},
	volume = {140},
	pages = {1-13},
	author = {Isla H. Myers-Smith and Martin Hallinger and Daan Blok and Ute Sass-Klaassen and Shelly A. Rayback and Stef Weijers and Andrew J. Trant and Ken D. Tape and Adam T. Naito and Sonja Wipf and Christian Rixen and Melissa A. Dawes and Julia A. Wheeler and Agata Buchwal and Claudia Baittinger and Marc Macias-Fauria and Bruce C. Forbes and Esther L{\'{e}}vesque and No{\'{e}}mie Boulanger-Lapointe and Ilka Beil and Virve Ravolainen and Martin Wilmking},
	title = {Methods for measuring arctic and alpine shrub growth: A review},
	journal = {Earth-Science Reviews}
}