@article{ID84897966167,
	doi = {10.1007/s00300-014-1461-6},
	url = {https://doi.org/10.1007%2Fs00300-014-1461-6},
	year = 2014,
	month = {feb},
	publisher = {Springer Nature},
	volume = {37},
	number = {5},
	pages = {611-619},
	author = {Sabrina Plante and Emilie Champagne and Pascale Ropars and St{\'{e}}phane Boudreau and Esther L{\'{e}}vesque and Beno{\^{\i}}t Tremblay and Jean-Pierre Tremblay},
	title = {Shrub cover in northern Nunavik: Can herbivores limit shrub expansion?},
	journal = {Polar Biology}
}