@article{ID84859615147,
	doi = {10.1111/j.1365-2656.2011.01936.x},
	url = {https://doi.org/10.1111%2Fj.1365-2656.2011.01936.x},
	year = 2011,
	month = {dec},
	publisher = {Wiley-Blackwell},
	volume = {81},
	number = {3},
	pages = {640-648},
	author = {Nina E. Eide and Audun Stien and P{\aa}l Prestrud and Nigel G. Yoccoz and Eva Fuglei},
	title = {Reproductive responses to spatial and temporal prey availability in a coastal Arctic fox population},
	journal = {Journal of Animal Ecology}
}