@article{ID84867479070,
	doi = {10.1111/ele.12002},
	url = {https://doi.org/10.1111%2Fele.12002},
	year = 2012,
	month = {sep},
	publisher = {Wiley-Blackwell},
	volume = {15},
	number = {12},
	pages = {1353-1361},
	author = {Timoth{\'{e}}e Poisot and Elsa Canard and David Mouillot and Nicolas Mouquet and Dominique Gravel},
	editor = {Ferenc Jordan},
	title = {The dissimilarity of species interaction networks},
	journal = {Ecology Letters}
}