@article{ID84931955163,
	doi = {10.1007/s10841-014-9747-0},
	url = {https://doi.org/10.1007%2Fs10841-014-9747-0},
	year = 2014,
	month = {dec},
	publisher = {Springer Nature},
	volume = {19},
	number = {2},
	pages = {377-391},
	author = {Rune Skjold Tj{\o}rnl{\o}v and W. Daniel Kissling and Jean-Yves Barnagaud and Peder Klith B{\o}cher and Toke Thomas H{\o}ye},
	title = {Oviposition site selection of an endangered butterfly at local spatial scales},
	journal = {Journal of Insect Conservation}
}