@article{ID84904577706,
	doi = {10.1002/ece3.1136},
	url = {https://doi.org/10.1002%2Fece3.1136},
	year = 2014,
	month = {jun},
	publisher = {Wiley-Blackwell},
	volume = {4},
	number = {14},
	pages = {2913-2930},
	author = {Wilm Daniel Kissling and Lars Dalby and Camilla Fl{\o}jgaard and Jonathan Lenoir and Brody Sandel and Christopher Sandom and Kristian Tr{\o}jelsgaard and Jens-Christian Svenning},
	title = {Establishing macroecological trait datasets: Digitalization, extrapolation, and validation of diet preferences in terrestrial mammals worldwide},
	journal = {Ecology and Evolution}
}