@article{ID84954522325,
	doi = {10.1080/17513758.2015.1111449},
	url = {https://doi.org/10.1080%2F17513758.2015.1111449},
	year = 2015,
	month = {dec},
	publisher = {Informa {UK} Limited},
	volume = {10},
	number = {1},
	pages = {104-139},
	author = {Necibe Tuncer and Juan Torres and Maia Martcheva and Michael Barfield and Robert D. Holt},
	title = {Dynamics of low and high pathogenic avian influenza in wild and domestic bird populations},
	journal = {Journal of Biological Dynamics}
}