@article{ID84939253762,
	doi = {10.1002/ece3.1276},
	url = {https://doi.org/10.1002%2Fece3.1276},
	year = 2014,
	month = {oct},
	publisher = {Wiley-Blackwell},
	volume = {4},
	number = {20},
	pages = {4019-4031},
	author = {Bo Dalsgaard and Daniel W. Carstensen and Jon Fjelds{\aa} and Pietro K. Maruyama and Carsten Rahbek and Brody Sandel and Jesper Sonne and Jens-Christian Svenning and Zhiheng Wang and William J. Sutherland},
	title = {Determinants of bird species richness, endemism, and island network roles in Wallacea and the West Indies: Is geography sufficient or does current and historical climate matter?},
	journal = {Ecology and Evolution}
}