@article{ID84960391307,
	doi = {10.1016/j.scitotenv.2016.02.205},
	url = {https://doi.org/10.1016%2Fj.scitotenv.2016.02.205},
	year = 2016,
	month = {jun},
	publisher = {Elsevier {BV}},
	volume = {556},
	pages = {80-88},
	author = {Liam E. Peck and H. Grant Gilchrist and Conor D. Mallory and Birgit M. Braune and Mark L. Mallory},
	title = {Persistent organic pollutant and mercury concentrations in eggs of ground-nesting marine birds in the Canadian high Arctic},
	journal = {Science of The Total Environment}
}