@article{ID84943001979,
	doi = {10.1111/oik.01487},
	url = {https://doi.org/10.1111%2Foik.01487},
	year = 2015,
	month = {feb},
	publisher = {Wiley-Blackwell},
	volume = {124},
	number = {11},
	pages = {1436-1443},
	author = {Taal Levi and A. Marm Kilpatrick and Michael Barfield and Robert D. Holt and Marc Mangel and Christopher C. Wilmers},
	title = {Threshold levels of generalist predation determine consumer response to resource pulses},
	journal = {Oikos}
}