@article{ID84861527861,
	doi = {10.1016/j.meegid.2012.03.008},
	url = {https://doi.org/10.1016%2Fj.meegid.2012.03.008},
	year = 2012,
	month = {aug},
	publisher = {Elsevier {BV}},
	volume = {12},
	number = {6},
	pages = {1270-1274},
	author = {J. Knapp and S. Staebler and J. M. Bart and A. Stien and N. G. Yoccoz and C. Drögemüller and B. Gottstein and P. Deplazes},
	title = {Echinococcus multilocularis in Svalbard, Norway: Microsatellite genotyping to investigate the origin of a highly focal contamination},
	journal = {Infection, Genetics and Evolution}
}