@article{ID84859606347,
	doi = {10.1111/j.1365-2656.2011.01944.x},
	url = {https://doi.org/10.1111%2Fj.1365-2656.2011.01944.x},
	year = 2012,
	month = {jan},
	publisher = {Wiley-Blackwell},
	volume = {81},
	number = {3},
	pages = {533-542},
	author = {Marie-Andr{\'{e}}e Giroux and Dominique Berteaux and Nicolas Lecomte and Gilles Gauthier and Guillaume Szor and JoÃ«l B{\^{e}}ty},
	title = {Benefiting from a migratory prey: Spatio-temporal patterns in allochthonous subsidization of an arctic predator},
	journal = {Journal of Animal Ecology}
}