@article{ID84907919328,
	doi = {10.1021/es503147n},
	url = {https://doi.org/10.1021%2Fes503147n},
	year = 2014,
	month = {sep},
	publisher = {American Chemical Society ({ACS})},
	volume = {48},
	number = {19},
	pages = {11654-11661},
	author = {Camilla Bakken Aas and Eva Fuglei and Dorte Herzke and Nigel G. Yoccoz and Heli Routti},
	title = {Effect of body condition on tissue distribution of perfluoroalkyl substances (PFASs) in Arctic fox (Vulpes lagopus)},
	journal = {Environmental Science {\&} Technology}
}