@article{ID84875258042,
	doi = {10.1111/2041-210x.12014},
	url = {https://doi.org/10.1111%2F2041-210x.12014},
	year = 2013,
	month = {jan},
	publisher = {Wiley-Blackwell},
	volume = {4},
	number = {3},
	pages = {276-289},
	author = {Fr{\'{e}}d{\'{e}}ric Barraquand and David J. Murrell},
	editor = {Matthew Spencer},
	title = {Scaling up predator-prey dynamics using spatial moment equations},
	journal = {Methods in Ecology and Evolution}
}