@article{ID84984796500,
	doi = {10.1007/s10531-016-1188-5},
	url = {https://doi.org/10.1007%2Fs10531-016-1188-5},
	year = 2016,
	month = {aug},
	publisher = {Springer Nature},
	volume = {25},
	number = {13},
	pages = {2629-2639},
	author = {Daniel Gallant and Lindsay Y. Gauvin and Dominique Berteaux and Nicolas Lecomte},
	title = {The importance of data mining for conservation science: a case study on the wolverine},
	journal = {Biodiversity and Conservation}
}