@article{ID84882619928,
	doi = {10.1371/journal.pone.0071912},
	url = {https://doi.org/10.1371%2Fjournal.pone.0071912},
	year = 2013,
	month = {aug},
	publisher = {Public Library of Science ({PLoS})},
	volume = {8},
	number = {8},
	pages = {e71912},
	author = {Ingunn M. Tombre and Einar Eyth{\'{o}}rsson and Jesper Madsen},
	editor = {Hany A. El-Shemy},
	title = {Towards a Solution to the Goose-Agriculture Conflict in North Norway, 1988-2012: The Interplay between Policy, Stakeholder Influence and Goose Population Dynamics},
	journal = {{PLoS} {ONE}}
}