@article{ID84927740947,
	doi = {10.1086/680016},
	url = {https://doi.org/10.1086%2F680016},
	year = 2015,
	month = {may},
	publisher = {University of Chicago Press},
	volume = {88},
	number = {3},
	pages = {336-344},
	author = {Pascal Royer-Boutin and Pablo A. Cort{\'{e}}s and Myriam Milbergue and Magali Petit and Fran{\c{c}}ois V{\'{e}}zina},
	title = {Estimation of muscle mass by ultrasonography differs between observers and life states of models in small birds},
	journal = {Physiological and Biochemical Zoology}
}