@article{ID84868112712,
	doi = {10.1371/journal.pone.0045683},
	url = {https://doi.org/10.1371%2Fjournal.pone.0045683},
	year = 2012,
	month = {oct},
	publisher = {Public Library of Science ({PLoS})},
	volume = {7},
	number = {10},
	pages = {e45683},
	author = {Jason Samson and Dominique Berteaux and Brian J. McGill and Murray M. Humphries},
	editor = {David Nogues-Bravo},
	title = {Demographic Amplification of Climate Change Experienced by the Contiguous United States Population during the 20<sup>th</sup> Century},
	journal = {{PLoS} {ONE}}
}