@article{ID84891960897,
	doi = {10.1098/rsbl.2013.0602},
	url = {https://doi.org/10.1098%2Frsbl.2013.0602},
	year = 2013,
	month = {oct},
	publisher = {The Royal Society},
	volume = {9},
	number = {6},
	pages = {20130602-20130602},
	author = {J. G. Madsen and T. Wang and K. Beedholm and P. T. Madsen},
	title = {Detecting spring after a long winter: Coma or slow vigilance in cold,hypoxic turtles?},
	journal = {Biology Letters}
}