@article{ID84903973512,
	doi = {10.1371/journal.pone.0101513},
	url = {https://doi.org/10.1371%2Fjournal.pone.0101513},
	year = 2014,
	month = {jul},
	publisher = {Public Library of Science ({PLoS})},
	volume = {9},
	number = {7},
	pages = {e101513},
	author = {Seth Stapleton and Michelle LaRue and Nicolas Lecomte and Stephen Atkinson and David Garshelis and Claire Porter and Todd Atwood},
	editor = {Yan Ropert-Coudert},
	title = {Polar bears from space: Assessing satellite imagery as a tool to track arctic wildlife},
	journal = {{PLoS} {ONE}}
}