@article{ID84859233807,
	doi = {10.3354/meps09652},
	url = {https://doi.org/10.3354%2Fmeps09652},
	year = 2012,
	month = {mar},
	publisher = {Inter-Research Science Center},
	volume = {450},
	pages = {285-287},
	author = {PW Shaw and L Hendrickson and NJ McKeown and T Stonier and MJ Naud and WHH Sauer},
	title = {Population structure of the squid Doryteuthis (Loligo) pealeii on the eastern coast of the USA: Reply to Gerlach et al. (2012)},
	journal = {Marine Ecology Progress Series}
}