@article{ID84893441945,
	doi = {10.1073/pnas.1316990111},
	url = {https://doi.org/10.1073%2Fpnas.1316990111},
	year = 2014,
	month = {jan},
	publisher = {Proceedings of the National Academy of Sciences},
	volume = {111},
	number = {5},
	pages = {1885-1890},
	author = {Helena K. Wirta and Paul D. N. Hebert and Riikka Kaartinen and Sean W. Prosser and Gergely V{\'{a}}rkonyi and Tomas Roslin},
	title = {Complementary molecular information changes our perception of food web structure},
	journal = {Proceedings of the National Academy of Sciences}
}