@article{ID84960406316,
	doi = {10.5194/bg-13-1439-2016},
	url = {https://doi.org/10.5194%2Fbg-13-1439-2016},
	year = 2016,
	month = {mar},
	publisher = {Copernicus {GmbH}},
	volume = {13},
	number = {5},
	pages = {1439-1452},
	author = {Etienne Godin and Daniel Fortier and Esther L{\'{e}}vesque},
	title = {Nonlinear thermal and moisture response of ice-wedge polygons to permafrost disturbance increases heterogeneity of high Arctic wetland},
	journal = {Biogeosciences}
}