@article{ID84875803611,
	doi = {10.1111/brv.12003},
	url = {https://doi.org/10.1111%2Fbrv.12003},
	year = 2012,
	month = {nov},
	publisher = {Wiley-Blackwell},
	volume = {88},
	number = {2},
	pages = {365-379},
	author = {Michel Loreau and Tanguy Daufresne and Andrew Gonzalez and Dominique Gravel and Fr{\'{e}}d{\'{e}}ric Guichard and Shawn J. Leroux and Nicolas Loeuille and Fran{\c{c}}ois Massol and Nicolas Mouquet},
	title = {Unifying sources and sinks in ecology and Earth sciences},
	journal = {Biological Reviews}
}