@article{ID84958122938,
	doi = {10.1111/jbi.12657},
	url = {https://doi.org/10.1111%2Fjbi.12657},
	year = 2015,
	month = {nov},
	publisher = {Wiley-Blackwell},
	volume = {43},
	number = {3},
	pages = {461-470},
	author = {Loïc Pellissier and Pernille Bronken Eidesen and Dorothee Ehrich and Patrice Descombes and Peter Schönswetter and Andreas Tribsch and Kristine Bakke Westergaard and Nadir Alvarez and Antoine Guisan and Niklaus E. Zimmermann and Signe Normand and Pascal Vittoz and Miska Luoto and Christian Damgaard and Christian Brochmann and Mary S. Wisz and Inger Greve Alsos},
	title = {Past climate-driven range shifts and population genetic diversity in arctic plants},
	journal = {Journal of Biogeography}
}