@article{ID84918793271,
	doi = {10.5253/arde.v102i2.a3},
	url = {https://doi.org/10.5253%2Farde.v102i2.a3},
	year = 2014,
	month = {jul},
	publisher = {Netherlands Ornithologists{\textquotesingle} Union},
	volume = {102},
	number = {2},
	pages = {131-138},
	author = {Yaa Ntiamoa-Baidu and Alfred A. Nuoh and Jeroen Reneerkens and Theunis Piersma},
	title = {Population increases in non-breeding sanderlings in ghana indicate site preference},
	journal = {Ardea}
}