@article{ID84973875538,
	doi = {10.1371/journal.pone.0156411},
	url = {https://doi.org/10.1371%2Fjournal.pone.0156411},
	year = 2016,
	month = {jun},
	publisher = {Public Library of Science ({PLoS})},
	volume = {11},
	number = {6},
	pages = {e0156411},
	author = {Mehdi Cherif and Monica Granados and Sean Duffy and Pauline Robert and B{\'{e}}rang{\`{e}}re P{\'{e}}quin and Vani Mohit and Christopher W. McKindsey and Philippe Archambault and Bruno Myrand and Connie Lovejoy and R{\'{e}}jean Tremblay and St{\'{e}}phane Plourde and Gregor F. Fussmann},
	editor = {S{\'{e}}bastien Duperron},
	title = {Potential for local fertilization: A benthocosm test of long-term and short-term effects of mussel excretion on the plankton},
	journal = {{PLOS} {ONE}}
}