@article{ID84907485742,
	doi = {10.1242/jeb.097915},
	url = {https://doi.org/10.1242%2Fjeb.097915},
	year = 2014,
	month = {mar},
	publisher = {The Company of Biologists},
	volume = {217},
	number = {6},
	pages = {876-885},
	author = {F. Amelineau and C. Peron and A. Lescroel and M. Authier and P. Provost and D. Gremillet},
	title = {Windscape and tortuosity shape the flight costs of northern gannets},
	journal = {Journal of Experimental Biology}
}