@article{ID84901405219,
	doi = {10.1093/molbev/msu109},
	url = {https://doi.org/10.1093%2Fmolbev%2Fmsu109},
	year = 2014,
	month = {mar},
	publisher = {Oxford University Press ({OUP})},
	volume = {31},
	number = {6},
	pages = {1353-1363},
	author = {Tobias Bidon and Axel Janke and Steven R. Fain and Hans Geir Eiken and Snorre B. Hagen and Urmas Saarma and Björn M. Hallström and Nicolas Lecomte and Frank Hailer},
	title = {Brown and polar bear y chromosomes reveal extensive male-biased gene flow within brother lineages},
	journal = {Molecular Biology and Evolution}
}