@article{ID84973369549,
	doi = {10.1111/ecog.02137},
	url = {https://doi.org/10.1111%2Fecog.02137},
	year = 2016,
	month = {jun},
	publisher = {Wiley-Blackwell},
	volume = {40},
	number = {5},
	pages = {630-641},
	author = {Bertrand Fournier and Nicolas Mouquet and Mathew A. Leibold and Dominique Gravel},
	title = {An integrative framework of coexistence mechanisms in competitive metacommunities},
	journal = {Ecography}
}