@article{ID84975856193,
	doi = {10.1139/cjfas-2015-0035},
	url = {https://doi.org/10.1139%2Fcjfas-2015-0035},
	year = 2016,
	month = {jul},
	publisher = {Canadian Science Publishing},
	volume = {73},
	number = {7},
	pages = {1104-1125},
	author = {Fran{\c{c}}ois Bilodeau and Roger Schetagne and Jean Therrien and Richard Verdon},
	editor = {Deborah MacLatchey},
	title = {Absence of noticeable mercury effects on fish populations in boreal reservoirs despite threefold to sevenfold increases in mercury concentrations},
	journal = {Canadian Journal of Fisheries and Aquatic Sciences}
}