@article{ID84955498816,
	doi = {10.1073/pnas.1523010113},
	url = {https://doi.org/10.1073%2Fpnas.1523010113},
	year = 2016,
	month = {jan},
	publisher = {Proceedings of the National Academy of Sciences},
	volume = {113},
	number = {4},
	pages = {E409-E410},
	author = {Naia Morueta-Holme and Kristine Engemann and Pablo Sandoval-Acu{\~{n}}a and Jeremy D. Jonas and R. Max Segnitz and Jens-Christian Svenning},
	title = {Upward vegetation shifts on Chimborazo are robust},
	journal = {Proceedings of the National Academy of Sciences}
}