@article{ID84905367500,
	doi = {10.1016/j.cbpa.2014.07.014},
	url = {https://doi.org/10.1016%2Fj.cbpa.2014.07.014},
	year = 2014,
	month = {nov},
	publisher = {Elsevier {BV}},
	volume = {177},
	pages = {18-26},
	author = {Isabelle Devost and Fanny Hallot and Myriam Milbergue and Magali Petit and Fran{\c{c}}ois V{\'{e}}zina},
	title = {Lipid metabolites as markers of fattening rate in a non-migratory passerine: Effects of ambient temperature and individual variation},
	journal = {Comparative Biochemistry and Physiology Part A: Molecular {\&} Integrative Physiology}
}