@article{ID84945492313,
	doi = {10.1007/s00442-015-3390-7},
	url = {https://doi.org/10.1007%2Fs00442-015-3390-7},
	year = 2015,
	month = {jul},
	publisher = {Springer Nature},
	volume = {179},
	number = {3},
	pages = {835-842},
	author = {Marjorie Bison and S{\'{e}}bastien Ibanez and Claire Redjadj and Fr{\'{e}}d{\'{e}}ric Boyer and Eric Coissac and Christian Miquel and Delphine Rioux and Sonia Said and Daniel Maillard and Pierre Taberlet and Nigel Gilles Yoccoz and Anne Loison},
	title = {Upscaling the niche variation hypothesis from the intra- to the inter-specific level},
	journal = {Oecologia}
}