@article{ID84860828569,
	doi = {10.1016/j.jembe.2012.04.002},
	url = {https://doi.org/10.1016%2Fj.jembe.2012.04.002},
	year = 2012,
	month = {jul},
	publisher = {Elsevier {BV}},
	volume = {422-423},
	pages = {29-38},
	author = {Christina Moseley and David Gr{\'{e}}millet and MaÃ«lle Connan and Peter G. Ryan and Ralf H. E. Mullers and Carl D. van der Lingen and Todd W. Miller and Janet C. Coetzee and Robert J. M. Crawford and Philippe Sabarros and Christopher D. McQuaid and Lorien Pichegru},
	title = {Foraging ecology and ecophysiology of Cape gannets from colonies in contrasting feeding environments},
	journal = {Journal of Experimental Marine Biology and Ecology}
}