@article{ID84874747793,
	doi = {10.1111/j.1654-109x.2012.01219.x},
	url = {https://doi.org/10.1111%2Fj.1654-109x.2012.01219.x},
	year = 2012,
	month = {jul},
	publisher = {Wiley-Blackwell},
	volume = {16},
	number = {2},
	pages = {343-351},
	author = {Madeleine Doiron and Pierre Legagneux and Gilles Gauthier and Esther L{\'{e}}vesque},
	editor = {Geoffrey Henebry},
	title = {Broad-scale satellite Normalized Difference Vegetation Index data predict plant biomass and peak date of nitrogen concentration in Arctic tundra vegetation},
	journal = {Applied Vegetation Science}
}