@article{ID84888873680,
	doi = {10.1111/j.1600-0587.2013.00201.x},
	url = {https://doi.org/10.1111%2Fj.1600-0587.2013.00201.x},
	year = 2013,
	month = {may},
	publisher = {Wiley-Blackwell},
	volume = {36},
	number = {12},
	pages = {1331-1340},
	author = {Bo Dalsgaard and Kristian Tr{\o}jelsgaard and Ana M. Mart{\'{\i}}n Gonz{\'{a}}lez and David Nogu{\'{e}}s-Bravo and Jeff Ollerton and Theodora Petanidou and Brody Sandel and Matthias Schleuning and Zhiheng Wang and Carsten Rahbek and William J. Sutherland and Jens-Christian Svenning and Jens M. Olesen},
	title = {Historical climate-change influences modularity and nestedness of pollination networks},
	journal = {Ecography}
}