@article{ID84896513966,
	doi = {10.1073/pnas.1311014111},
	url = {https://doi.org/10.1073%2Fpnas.1311014111},
	year = 2014,
	month = {mar},
	publisher = {Proceedings of the National Academy of Sciences},
	volume = {111},
	number = {11},
	pages = {4162-4167},
	author = {C. J. Sandom and R. Ejrnaes and M. D. D. Hansen and J.-C. Svenning},
	title = {High herbivore density associated with vegetation diversity in interglacial ecosystems},
	journal = {Proceedings of the National Academy of Sciences}
}