@article{ID84896739050,
	doi = {10.1371/journal.pone.0079915},
	url = {https://doi.org/10.1371%2Fjournal.pone.0079915},
	year = 2013,
	month = {nov},
	publisher = {Public Library of Science ({PLoS})},
	volume = {8},
	number = {11},
	pages = {e79915},
	author = {Chris B. Thaxter and Francis Daunt and David Gr{\'{e}}millet and Mike P. Harris and Silvano Benvenuti and Yutaka Watanuki and Keith C. Hamer and Sarah Wanless},
	editor = {Judi Hewitt},
	title = {Modelling the effects of prey size and distribution on prey capture rates of two sympatric marine predators},
	journal = {{PLoS} {ONE}}
}