@article{ID84979501937,
	doi = {10.1371/journal.pone.0159974},
	url = {https://doi.org/10.1371%2Fjournal.pone.0159974},
	year = 2016,
	month = {jul},
	publisher = {Public Library of Science ({PLoS})},
	volume = {11},
	number = {7},
	pages = {e0159974},
	author = {Joan Navarro and David Gr{\'{e}}millet and Isabel Af{\'{a}}n and Francisco Ram{\'{\i}}rez and Willem Bouten and Manuela G. Forero},
	editor = {Sergio A Lambertucci},
	title = {Feathered Detectives: Real-Time GPS Tracking of Scavenging Gulls Pinpoints Illegal Waste Dumping},
	journal = {{PLOS} {ONE}}
}