@article{ID84861699812,
	doi = {10.1016/j.biocon.2011.12.013},
	url = {https://doi.org/10.1016%2Fj.biocon.2011.12.013},
	year = 2012,
	month = {nov},
	publisher = {Elsevier {BV}},
	volume = {156},
	pages = {117-125},
	author = {L. Pichegru and P. G. Ryan and R. van Eeden and T. Reid and D. Gr{\'{e}}millet and R. Wanless},
	title = {Industrial fishing, no-take zones and endangered penguins},
	journal = {Biological Conservation}
}