@article{ID84879895689,
	doi = {10.1098/rstb.2012.0477},
	url = {https://doi.org/10.1098%2Frstb.2012.0477},
	year = 2013,
	month = {jul},
	publisher = {The Royal Society},
	volume = {368},
	number = {1624},
	pages = {20120477-20120477},
	author = {E. Post and T. T. Hoye},
	title = {Advancing the long view of ecological change in tundra systems},
	journal = {Philosophical Transactions of the Royal Society B: Biological Sciences}
}