@article{ID84860650866,
	doi = {10.1111/j.1461-0248.2012.01772.x},
	url = {https://doi.org/10.1111%2Fj.1461-0248.2012.01772.x},
	year = 2012,
	month = {mar},
	publisher = {Wiley-Blackwell},
	volume = {15},
	number = {6},
	pages = {584-593},
	author = {Isabelle Boulangeat and Dominique Gravel and Wilfried Thuiller},
	title = {Accounting for dispersal and biotic interactions to disentangle the drivers of species distributions and their abundances},
	journal = {Ecology Letters}
}