@article{ID84926516663,
	doi = {10.1111/ecog.01646},
	url = {https://doi.org/10.1111%2Fecog.01646},
	year = 2015,
	month = {feb},
	publisher = {Wiley-Blackwell},
	volume = {38},
	number = {4},
	pages = {330-334},
	author = {Christopher J. Lortie and Jens-Christian Svenning},
	title = {The diversity of diversity studies: Retrospectives and future directions},
	journal = {Ecography}
}