@article{ID84927712551,
	doi = {10.1002/jez.1923},
	url = {https://doi.org/10.1002%2Fjez.1923},
	year = 2015,
	month = {mar},
	publisher = {Wiley-Blackwell},
	volume = {323},
	number = {4},
	pages = {266-275},
	author = {Brian G. Walker and Simone L. Meddle and L. Michael Romero and Meta M. Landys and Jeroen Reneerkens and John C. Wingfield},
	title = {Breeding on the extreme edge: Modulation of the adrenocortical response to acute stress in two High Arctic passerines},
	journal = {Journal of Experimental Zoology Part A: Ecological Genetics and Physiology}
}