@article{ID84898546552,
	doi = {10.1111/geb.12137},
	url = {https://doi.org/10.1111%2Fgeb.12137},
	year = 2013,
	month = {dec},
	publisher = {Wiley-Blackwell},
	volume = {23},
	number = {6},
	pages = {620-632},
	author = {Tamara Münkemüller and Laure Gallien and S{\'{e}}bastien Lavergne and Julien Renaud and Cristina Roquet and Sylvain Abdulhak and Stefan Dullinger and Luc Garraud and Antoine Guisan and Jonathan Lenoir and Jens-Christian Svenning and J{\'{e}}r{\'{e}}mie Van Es and Pascal Vittoz and Wolfgang Willner and Thomas Wohlgemuth and Niklaus E. Zimmermann and Wilfried Thuiller},
	title = {Scale decisions can reverse conclusions on community assembly processes},
	journal = {Global Ecology and Biogeography}
}