@article{ID84923362158,
	doi = {10.1111/oik.01719},
	url = {https://doi.org/10.1111%2Foik.01719},
	year = 2014,
	month = {nov},
	publisher = {Wiley-Blackwell},
	volume = {124},
	number = {3},
	pages = {243-251},
	author = {Timoth{\'{e}}e Poisot and Daniel B. Stouffer and Dominique Gravel},
	title = {Beyond species: Why ecological interaction networks vary through space and time},
	journal = {Oikos}
}