@article{ID84953226558,
	doi = {10.1073/pnas.1521891113},
	url = {https://doi.org/10.1073%2Fpnas.1521891113},
	year = 2015,
	month = {dec},
	publisher = {Proceedings of the National Academy of Sciences},
	volume = {113},
	number = {1},
	pages = {E2-E3},
	author = {Jens-Christian Svenning and Pil B. M. Pedersen and C. Josh Donlan and Rasmus Ejrn{\ae}s and S{\o}ren Faurby and Mauro Galetti and Dennis M. Hansen and Brody Sandel and Christopher J. Sandom and John W. Terborgh and Frans W. M. Vera},
	title = {Reply to Rubenstein and Rubenstein: Time to move on from ideological debates on rewilding},
	journal = {Proceedings of the National Academy of Sciences}
}