@article{ID84894284771,
	doi = {10.1371/journal.pone.0082644},
	url = {https://doi.org/10.1371%2Fjournal.pone.0082644},
	year = 2013,
	month = {dec},
	publisher = {Public Library of Science ({PLoS})},
	volume = {8},
	number = {12},
	pages = {e82644},
	author = {Pierre Legagneux and N. Jane Harms and Gilles Gauthier and Olivier Chastel and H. Grant Gilchrist and Gary Bortolotti and JoÃ«l B{\^{e}}ty and Catherine Soos},
	editor = {Kevin McGraw},
	title = {Does feather corticosterone reflect individual quality or external stress in arctic-nesting migratory birds?},
	journal = {{PLoS} {ONE}}
}