@article{ID84939123527,
	doi = {10.1111/1365-2656.12385},
	url = {https://doi.org/10.1111%2F1365-2656.12385},
	year = 2015,
	month = {jul},
	publisher = {Wiley-Blackwell},
	volume = {84},
	number = {5},
	pages = {1412-1422},
	author = {Dominique Fauteux and Gilles Gauthier and Dominique Berteaux},
	editor = {Rolf Ims},
	title = {Seasonal demography of a cyclic lemming population in the Canadian Arctic},
	journal = {Journal of Animal Ecology}
}