@article{ID84955607088,
	doi = {10.1111/ecog.01892},
	url = {https://doi.org/10.1111%2Fecog.01892},
	year = 2016,
	month = {jan},
	publisher = {Wiley-Blackwell},
	volume = {39},
	number = {12},
	pages = {1139-1150},
	author = {Naia Morueta-Holme and Benjamin Blonder and Brody Sandel and Brian J. McGill and Robert K. Peet and Jeffrey E. Ott and Cyrille Violle and Brian J. Enquist and Peter M. J{\o}rgensen and Jens-Christian Svenning},
	title = {A network approach for inferring species associations from co-occurrence data},
	journal = {Ecography}
}