@article{ID84883272392,
	doi = {10.1007/s10531-013-0442-3},
	url = {https://doi.org/10.1007%2Fs10531-013-0442-3},
	year = 2013,
	month = {feb},
	publisher = {Springer Nature},
	volume = {22},
	number = {10},
	pages = {2151-2166},
	author = {Jesper Erenskjold Moeslund and Lars Arge and Peder Klith B{\o}cher and Tommy Dalgaard and Rasmus Ejrn{\ae}s and Mette Vestergaard Odgaard and Jens-Christian Svenning},
	title = {Topographically controlled soil moisture drives plant diversity patterns within grasslands},
	journal = {Biodiversity and Conservation}
}