@article{ID84997839925,
	doi = {10.1007/s10592-016-0910-x},
	url = {https://doi.org/10.1007%2Fs10592-016-0910-x},
	year = 2016,
	month = {nov},
	publisher = {Springer Nature},
	volume = {18},
	number = {2},
	pages = {359-370},
	author = {Karin Nor{\'{e}}n and Anders Angerbj√∂rn and Johan Wall{\'{e}}n and Tomas Meijer and Benjamin N. Sacks},
	title = {Red foxes colonizing the tundra: genetic analysis as a tool for population management},
	journal = {Conservation Genetics}
}