@article{ID84885939889,
	doi = {10.1007/s00442-013-2648-1},
	url = {https://doi.org/10.1007%2Fs00442-013-2648-1},
	year = 2013,
	month = {apr},
	publisher = {Springer Nature},
	volume = {173},
	number = {3},
	pages = {859-870},
	author = {Stein Rune Karlsen and Jane Uhd Jepsen and Arvid Odland and Rolf Anker Ims and Arve Elvebakk},
	title = {Outbreaks by canopy-feeding geometrid moth cause state-dependent shifts in understorey plant communities},
	journal = {Oecologia}
}