@article{ID84886261567,
	doi = {10.1002/ece3.554},
	url = {https://doi.org/10.1002%2Fece3.554},
	year = 2013,
	month = {apr},
	publisher = {Wiley-Blackwell},
	volume = {3},
	number = {5},
	pages = {1413-1425},
	author = {Anne-Sophie Deville and David Gr{\'{e}}millet and Michel Gauthier-Clerc and Matthieu Guillemain and Friederike Von Houwald and Bruno Gardelli and Arnaud B{\'{e}}chet},
	title = {Non-linear feeding functional responses in the Greater Flamingo (Phoenicopterus roseus) predict immediate negative impact of wetland degradation on this flagship species},
	journal = {Ecology and Evolution}
}