@article{ID84866311751,
	doi = {10.1007/s00442-012-2319-7},
	url = {https://doi.org/10.1007%2Fs00442-012-2319-7},
	year = 2012,
	month = {apr},
	publisher = {Springer Nature},
	volume = {170},
	number = {2},
	pages = {363-371},
	author = {Irina E. Menyushina and Doroth{\'{e}}e Ehrich and John-Andr{\'{e}} Henden and Rolf Anker Ims and Nikita G. Ovsyanikov},
	title = {The nature of lemming cycles on Wrangel: An island without small mustelids},
	journal = {Oecologia}
}