@article{ID84905460167,
	doi = {10.1371/journal.pone.0104037},
	url = {https://doi.org/10.1371%2Fjournal.pone.0104037},
	year = 2014,
	month = {aug},
	publisher = {Public Library of Science ({PLoS})},
	volume = {9},
	number = {8},
	pages = {e104037},
	author = {Viola Pavlova and Jacob Nabe-Nielsen and Rune Dietz and Jens-Christian Svenning and Katrin Vorkamp and Frank Fars{\o} Rig{\'{e}}t and Christian Sonne and Robert J. Letcher and Volker Grimm},
	editor = {James P. Meador},
	title = {Field metabolic rate and PCB adipose tissue deposition efficiency in East Greenland polar bears derived from contaminant monitoring data},
	journal = {{PLoS} {ONE}}
}