@article{ID84928950974,
	doi = {10.1088/1748-9326/9/9/094001},
	url = {https://doi.org/10.1088%2F1748-9326%2F9%2F9%2F094001},
	year = 2014,
	month = {sep},
	publisher = {{IOP} Publishing},
	volume = {9},
	number = {9},
	pages = {094001},
	author = {Catherine Dumais and Pascale Ropars and Marie-Pier Denis and Genevi{\`{e}}ve Dufour-Tremblay and St{\'{e}}phane Boudreau},
	title = {Are low altitude alpine tundra ecosystems under threat? A case study from the Parc National de la Gaspésie, Québec},
	journal = {Environmental Research Letters}
}