@article{ID84922275328,
	doi = {10.1080/00063657.2014.992858},
	url = {https://doi.org/10.1080%2F00063657.2014.992858},
	year = 2015,
	month = {jan},
	publisher = {Informa {UK} Limited},
	volume = {62},
	number = {1},
	pages = {137-140},
	author = {Kevin Kuhlmann Clausen and Morten Frederiksen and Jesper Madsen},
	title = {Measuring neck collar loss of Pink-footed Geese Anser brachyrhynchus},
	journal = {Bird Study}
}