@article{ID84943779757,
	doi = {10.1098/rsbl.2015.0574},
	url = {https://doi.org/10.1098%2Frsbl.2015.0574},
	year = 2015,
	month = {oct},
	publisher = {The Royal Society},
	volume = {11},
	number = {10},
	pages = {20150574},
	author = {Joseph J. Bowden and Anne Eskildsen and Rikke R. Hansen and Kent Olsen and Carolyn M. Kurle and Toke T. H{\o}ye},
	title = {High-arctic butterflies become smaller with rising temperatures},
	journal = {Biology Letters}
}