@article{ID84939264893,
	doi = {10.1111/1365-2656.12378},
	url = {https://doi.org/10.1111%2F1365-2656.12378},
	year = 2015,
	month = {jun},
	publisher = {Wiley-Blackwell},
	volume = {84},
	number = {5},
	pages = {1363-1372},
	author = {Floriane Plard and Nigel G. Yoccoz and Christophe Bonenfant and Fran{\c{c}}ois Klein and Claude Warnant and Jean-Michel Gaillard},
	editor = {James Jones},
	title = {Disentangling direct and growth-mediated influences on early survival: A mechanistic approach},
	journal = {Journal of Animal Ecology}
}