@article{ID84921644315,
	doi = {10.1111/eva.12239},
	url = {https://doi.org/10.1111%2Feva.12239},
	year = 2015,
	month = {jan},
	publisher = {Wiley-Blackwell},
	volume = {8},
	number = {2},
	pages = {149-171},
	author = {Mark P. Miller and Susan M. Haig and Thomas D. Mullins and Luzhang Ruan and Bruce Casler and Alexei Dondua and H. River Gates and J. Matthew Johnson and Steve Kendall and Pavel S. Tomkovich and Diane Tracy and Olga P. Valchuk and Richard B. Lanctot},
	title = {Intercontinental genetic structure and gene flow in Dunlin (Calidris alpina), a potential vector of avian influenza},
	journal = {Evolutionary Applications}
}