@article{ID84981626534,
	doi = {10.1111/j.1751-8369.1983.tb00704.x},
	url = {https://doi.org/10.1111%2Fj.1751-8369.1983.tb00704.x},
	year = 1983,
	month = {nov},
	publisher = {Informa {UK} Limited},
	volume = {1},
	number = {2},
	pages = {211-214},
	author = {HANS MELTOFTE and FRIDTJOF MEHLUM and JOHN FRIKKE},
	title = {Observations on the wader populations at Ny‐Ålesund, Spitsbergen, 1982},
	journal = {Polar Research}
}