@article{ID84869097789,
	doi = {10.1111/j.1654-1103.2012.01433.x},
	url = {https://doi.org/10.1111%2Fj.1654-1103.2012.01433.x},
	year = 2012,
	month = {may},
	publisher = {Wiley-Blackwell},
	volume = {23},
	number = {6},
	pages = {1082-1094},
	author = {Ane Kirstine Brunbjerg and Finn Borchsenius and Wolf L. Eiserhardt and Rasmus Ejrnaes and Jens-Christian Svenning},
	editor = {Andreas Prinzing},
	title = {Disturbance drives phylogenetic community structure in coastal dune vegetation},
	journal = {Journal of Vegetation Science}
}