@article{ID84861813740,
	doi = {10.1890/110194},
	url = {https://doi.org/10.1890%2F110194},
	year = 2012,
	month = {jun},
	publisher = {Wiley-Blackwell},
	volume = {10},
	number = {5},
	pages = {237-242},
	author = {J{\'{e}}r{\^{o}}me Fort and Emeline Pettex and Yann Tremblay and Svein-H{\aa}kon Lorentsen and Stefan Garthe and Stephen Votier and Jean Baptiste Pons and Fran{\c{c}}ois Siorat and Robert W Furness and W James Grecian and Stuart Bearhop and William A Montevecchi and David Gr{\'{e}}millet},
	title = {Meta-population evidence of oriented chain migration in northern gannets (Morus bassanus)},
	journal = {Frontiers in Ecology and the Environment}
}