@article{ID84859216496,
	doi = {10.1111/j.1469-7998.2011.00882.x},
	url = {https://doi.org/10.1111%2Fj.1469-7998.2011.00882.x},
	year = 2011,
	month = {dec},
	publisher = {Wiley-Blackwell},
	volume = {286},
	number = {4},
	pages = {312-319},
	author = {S. Cornet and G. Luquet and L. Bollache},
	editor = {Hayssen Virginia},
	title = {Influence of female moulting status on pairing decisions and size-assortative mating in amphipods},
	journal = {Journal of Zoology}
}