@article{ID84961892003,
	doi = {10.1016/j.marenvres.2016.03.006},
	url = {https://doi.org/10.1016%2Fj.marenvres.2016.03.006},
	year = 2016,
	month = {jun},
	publisher = {Elsevier {BV}},
	volume = {117},
	pages = {1-12},
	author = {Nicolas Toupoint and Pierrick Barbier and R{\'{e}}jean Tremblay and Philippe Archambault and Christopher W. McKindsey and Gesche Winkler and Tarik Meziane and Fr{\'{e}}d{\'{e}}ric Olivier},
	title = {Influence of intertidal recreational fisheries and 'bouchot' mussel culture on bivalve recruitment},
	journal = {Marine Environmental Research}
}