@article{ID84938231882,
	doi = {10.1038/srep12611},
	url = {https://doi.org/10.1038%2Fsrep12611},
	year = 2015,
	month = {jul},
	publisher = {Springer Nature},
	volume = {5},
	number = {1},
	author = {Anne Blach-Overgaard and Henrik Balslev and John Dransfield and Signe Normand and Jens-Christian Svenning},
	title = {Global-change vulnerability of a key plant resource, the African palms},
	journal = {Scientific Reports}
}