@article{ID84888870151,
	doi = {10.1111/j.1600-0587.2013.00329.x},
	url = {https://doi.org/10.1111%2Fj.1600-0587.2013.00329.x},
	year = 2013,
	month = {aug},
	publisher = {Wiley-Blackwell},
	volume = {36},
	number = {12},
	pages = {1310-1318},
	author = {Daniel Wisbech Carstensen and Jean-Philippe Lessard and Ben G. Holt and Michael Krabbe Borregaard and Carsten Rahbek},
	title = {Introducing the biogeographic species pool},
	journal = {Ecography}
}