@article{ID84952029366,
	doi = {10.1007/s00300-015-1872-z},
	url = {https://doi.org/10.1007%2Fs00300-015-1872-z},
	year = 2015,
	month = {dec},
	publisher = {Springer Nature},
	volume = {39},
	number = {8},
	pages = {1467-1478},
	author = {Lars O. Mortensen and Niels Martin Schmidt and Toke T. H{\o}ye and Christian Damgaard and Mads C. Forchhammer},
	title = {Analysis of trophic interactions reveals highly plastic response to climate change in a tri-trophic High-Arctic ecosystem},
	journal = {Polar Biology}
}