@article{ID84969832903,
	doi = {10.1007/s00442-016-3658-6},
	url = {https://doi.org/10.1007%2Fs00442-016-3658-6},
	year = 2016,
	month = {may},
	publisher = {Springer Nature},
	volume = {182},
	number = {2},
	pages = {511-518},
	author = {F. Dalerum and P. Hellström and M. Miranda and J. Nyström and J. Ekenstedt and A. Angerbjörn},
	title = {Network topology of stable isotope interactions in a sub-arctic raptor guild},
	journal = {Oecologia}
}