@article{ID84870309623,
	doi = {10.1111/j.1365-2664.2012.02199.x},
	url = {https://doi.org/10.1111%2Fj.1365-2664.2012.02199.x},
	year = 2012,
	month = {sep},
	publisher = {Wiley-Blackwell},
	volume = {49},
	number = {6},
	pages = {1237-1246},
	author = {C{\'{e}}dric Juillet and R{\'{e}}mi Choquet and Gilles Gauthier and Jos{\'{e}}e Lefebvre and Roger Pradel},
	editor = {Phil Stephens},
	title = {Carry-over effects of spring hunt and climate on recruitment to the natal colony in a migratory species},
	journal = {Journal of Applied Ecology}
}