@article{ID84867800063,
	doi = {10.1002/jwmg.414},
	url = {https://doi.org/10.1002%2Fjwmg.414},
	year = 2012,
	month = {jul},
	publisher = {Wiley-Blackwell},
	volume = {76},
	number = {8},
	pages = {1562-1567},
	author = {Jean-Fran{\c{c}}ois Therrien and Gilles Gauthier and JoÃ«l B{\^{e}}ty},
	title = {Survival and reproduction of adult snowy owls tracked by satellite},
	journal = {The Journal of Wildlife Management}
}