@article{ID84952684540,
	doi = {10.1371/journal.pone.0141999},
	url = {https://doi.org/10.1371%2Fjournal.pone.0141999},
	year = 2015,
	month = {nov},
	publisher = {Public Library of Science ({PLoS})},
	volume = {10},
	number = {11},
	pages = {e0141999},
	author = {Sylvain Christin and Martin-Hugues St-Laurent and Dominique Berteaux},
	editor = {Z. Daniel Deng},
	title = {Evaluation of argos telemetry accuracy in the high-arctic and implications for the estimation of home-range size},
	journal = {{PLOS} {ONE}}
}