@article{ID84880404922,
	doi = {10.1371/journal.pone.0068927},
	url = {https://doi.org/10.1371%2Fjournal.pone.0068927},
	year = 2013,
	month = {jul},
	publisher = {Public Library of Science ({PLoS})},
	volume = {8},
	number = {7},
	pages = {e68927},
	author = {Dexiecuo Ai and Dominique Gravel and Chengjin Chu and Gang Wang},
	editor = {Matteo Convertino},
	title = {Spatial Structures of the Environment and of Dispersal Impact Species Distribution in Competitive Metacommunities},
	journal = {{PLoS} {ONE}}
}