@article{ID84876957504,
	doi = {10.1086/670156},
	url = {https://doi.org/10.1086%2F670156},
	year = 2013,
	month = {may},
	publisher = {University of Chicago Press},
	volume = {86},
	number = {3},
	pages = {346-353},
	author = {E. C. Palm and D. Esler and E. M. Anderson and T. D. Williams and O. P. Love and M. T. Wilson},
	title = {Baseline corticosterone in wintering marine birds: Methodological considerations and ecological patterns},
	journal = {Physiological and Biochemical Zoology}
}