@article{ID84979074714,
	doi = {10.1525/auk.2012.12021},
	url = {https://doi.org/10.1525%2Fauk.2012.12021},
	year = 2012,
	month = {oct},
	publisher = {University of California Press},
	volume = {129},
	number = {4},
	pages = {611-622},
	author = {Meggie Desnoyers and Gilles Gauthier and Jos{\'{e}}e Lefebvre},
	title = {Stable associations within flocks of greater snow geese (Chen Caerulescens Atlantica): Do they exist beyond family bonds?},
	journal = {The Auk}
}