@article{ID84896451705,
	doi = {10.1086/675363},
	url = {https://doi.org/10.1086%2F675363},
	year = 2014,
	month = {apr},
	publisher = {University of Chicago Press},
	volume = {183},
	number = {4},
	pages = {468-479},
	author = {E. F. Canard and N. Mouquet and D. Mouillot and M. Stanko and D. Miklisova and D. Gravel},
	title = {Empirical evaluation of neutral interactions in host-parasite networks},
	journal = {The American Naturalist}
}