@article{ID84929997136,
	doi = {10.1098/rspb.2015.0418},
	url = {https://doi.org/10.1098%2Frspb.2015.0418},
	year = 2015,
	month = {may},
	publisher = {The Royal Society},
	volume = {282},
	number = {1808},
	pages = {20150418-20150418},
	author = {H. Gibb and N. J. Sanders and R. R. Dunn and S. Watson and M. Photakis and S. Abril and A. N. Andersen and E. Angulo and I. Armbrecht and X. Arnan and F. B. Baccaro and T. R. Bishop and R. Boulay and C. Castracani and I. Del Toro and T. Delsinne and M. Diaz and D. A. Donoso and M. L. Enriquez and T. M. Fayle and D. H. Feener and M. C. Fitzpatrick and C. Gomez and D. A. Grasso and S. Groc and B. Heterick and B. D. Hoffmann and L. Lach and J. Lattke and M. Leponce and J.-P. Lessard and J. Longino and A. Lucky and J. Majer and S. B. Menke and D. Mezger and A. Mori and T. C. Munyai and O. Paknia and J. Pearce-Duvet and M. Pfeiffer and S. M. Philpott and J. L. P. de Souza and M. Tista and H. L. Vasconcelos and M. Vonshak and C. L. Parr},
	title = {Climate mediates the effects of disturbance on ant assemblage structure},
	journal = {Proceedings of the Royal Society B: Biological Sciences}
}