@article{ID84944081104,
	doi = {10.1073/pnas.1509938112},
	url = {https://doi.org/10.1073%2Fpnas.1509938112},
	year = 2015,
	month = {sep},
	publisher = {Proceedings of the National Academy of Sciences},
	volume = {112},
	number = {41},
	pages = {12741-12745},
	author = {Naia Morueta-Holme and Kristine Engemann and Pablo Sandoval-Acu{\~{n}}a and Jeremy D. Jonas and R. Max Segnitz and Jens-Christian Svenning},
	title = {Strong upslope shifts in Chimborazo's vegetation over two centuries since Humboldt},
	journal = {Proceedings of the National Academy of Sciences}
}