@article{ID84859968939,
	doi = {10.3390/d2111181},
	url = {https://doi.org/10.3390%2Fd2111181},
	year = 2010,
	month = {nov},
	publisher = {{MDPI} {AG}},
	volume = {2},
	number = {11},
	pages = {1181-1204},
	author = {Dominique Berteaux and Sylvie de Blois and Jean-Fran{\c{c}}ois Angers and JoÃ«l Bonin and Nicolas Casajus and Marcel Darveau and Fran{\c{c}}ois Fournier and Murray M. Humphries and Brian McGill and Jacques Lariv{\'{e}}e and Travis Logan and Patrick Nantel and Catherine P{\'{e}}ri{\'{e}} and Fr{\'{e}}d{\'{e}}ric Poisson and David Rodrigue and S{\'{e}}bastien Rouleau and Robert Siron and Wilfried Thuiller and Luc Vescovi},
	title = {The CC-Bio project: Studying the effects of climate change on Quebec biodiversity},
	journal = {Diversity}
}