@article{ID84963811908,
	doi = {10.1111/boj.12420},
	url = {https://doi.org/10.1111%2Fboj.12420},
	year = 2016,
	month = {apr},
	publisher = {Oxford University Press ({OUP})},
	volume = {182},
	number = {2},
	pages = {465-479},
	author = {Bastian GÃ¶ldel and Andr{\'{e}}a C. Araujo and W. Daniel Kissling and Jens-Christian Svenning},
	title = {Impacts of large herbivores on spinescence and abundance of palms in the Pantanal, Brazil},
	journal = {Botanical Journal of the Linnean Society}
}