@article{ID84959449263,
	doi = {10.1111/jav.00899},
	url = {https://doi.org/10.1111%2Fjav.00899},
	year = 2016,
	month = {feb},
	publisher = {Wiley-Blackwell},
	volume = {47},
	number = {4},
	pages = {563-574},
	author = {Magda E. Chudzi{\'{n}}ska and Jacob Nabe-Nielsen and Bart A. Nolet and Jesper Madsen},
	title = {Foraging behaviour and fuel accumulation of capital breeders during spring migration as derived from a combination of satellite- and ground-based observations},
	journal = {Journal of Avian Biology}
}