@article{ID84938125112,
	doi = {10.1073/pnas.1511529112},
	url = {https://doi.org/10.1073%2Fpnas.1511529112},
	year = 2015,
	month = {jul},
	publisher = {Proceedings of the National Academy of Sciences},
	volume = {112},
	number = {30},
	pages = {E4156-E4156},
	title = {Erratum: Correction "Experiment, monitoring, and gradient methods used to infer climate change effects on plant communities yield consistent patterns," (Proc Natl Acad Sci USA (2015) 112:2 (448-452) DOI: 10.1073/pnas.1410088112)},
	journal = {Proceedings of the National Academy of Sciences}
}