@article{ID84984653409,
	doi = {10.1093/conphys/cov028},
	url = {https://doi.org/10.1093%2Fconphys%2Fcov028},
	year = 2015,
	publisher = {Oxford University Press ({OUP})},
	volume = {3},
	number = {1},
	pages = {cov028},
	author = {Mark L. Mallory and Catherine M. Little and Ellen S. Boyd and Jennifer Ballard and Kyle H. Elliott and H. Grant Gilchrist and J. Mark Hipfner and Aevar Petersen and Dave Shutler},
	title = {Leucocyte profiles of Arctic marine birds: Correlates of migration and breeding phenology},
	journal = {Conservation Physiology}
}