@article{ID84875471959,
	doi = {10.4039/tce.2013.14},
	url = {https://doi.org/10.4039%2Ftce.2013.14},
	year = 2013,
	month = {mar},
	publisher = {Cambridge University Press ({CUP})},
	volume = {145},
	number = {02},
	pages = {125-130},
	author = {Toke T. H{\o}ye and Derek S. Sikes},
	title = {Arctic entomology in the 21st century},
	journal = {The Canadian Entomologist}
}