@article{ID84939126425,
	doi = {10.1111/azo.12138},
	url = {https://doi.org/10.1111%2Fazo.12138},
	year = 2015,
	month = {aug},
	publisher = {Wiley-Blackwell},
	volume = {97},
	number = {4},
	pages = {442-453},
	author = {Evgenia Markova and Petr Sibiryakov and Dorothee Ehrich},
	title = {Surviving in the High Arctic: dental variation in a casually introduced population of Microtus rossiaemeridionalis (Arvicolinae, Rodentia) on Svalbard},
	journal = {Acta Zoologica}
}