@article{ID84931749087,
	doi = {10.1111/ele.12118},
	url = {https://doi.org/10.1111%2Fele.12118},
	year = 2013,
	month = {may},
	publisher = {Wiley-Blackwell},
	volume = {16},
	number = {7},
	pages = {853-861},
	author = {Timoth{\'{e}}e Poisot and Nicolas Mouquet and Dominique Gravel},
	editor = {Frederick Adler},
	title = {Trophic complementarity drives the biodiversity-ecosystem functioning relationship in food webs},
	journal = {Ecology Letters}
}