@article{ID84255177445,
	doi = {10.1016/j.foreco.2011.11.020},
	url = {https://doi.org/10.1016%2Fj.foreco.2011.11.020},
	year = 2012,
	month = {feb},
	publisher = {Elsevier {BV}},
	volume = {266},
	pages = {194-205},
	author = {Dominique Fauteux and Louis Imbeau and Pierre Drapeau and Marc J. Mazerolle},
	title = {Small mammal responses to coarse woody debris distribution at different spatial scales in managed and unmanaged boreal forests},
	journal = {Forest Ecology and Management}
}