@article{ID84924937430,
	doi = {10.1676/14-072.1},
	url = {https://doi.org/10.1676%2F14-072.1},
	year = 2015,
	month = {mar},
	publisher = {Wilson Ornithological Society},
	volume = {127},
	number = {1},
	pages = {149-153},
	author = {Jannik Hansen and Malin Ek and Tomas Roslin and J{\'{e}}r{\^{o}}me Moreau and Maria Teixeira and Olivier Gilg and Niels Martin Schmidt},
	title = {First observation of a four-egg clutch of long-tailed jaeger (stercorarius longicaudus)},
	journal = {The Wilson Journal of Ornithology}
}