@article{ID84860521412,
	doi = {10.1016/j.rse.2012.03.015},
	url = {https://doi.org/10.1016%2Fj.rse.2012.03.015},
	year = 2012,
	month = {aug},
	publisher = {Elsevier {BV}},
	volume = {123},
	pages = {390-399},
	author = {Antoine Collin and Bernard Long and Phillippe Archambault},
	title = {Merging land-marine realms: Spatial patterns of seamless coastal habitats using a multispectral LiDAR},
	journal = {Remote Sensing of Environment}
}