@article{ID84880036648,
	doi = {10.1111/geb.12057},
	url = {https://doi.org/10.1111%2Fgeb.12057},
	year = 2013,
	month = {mar},
	publisher = {Wiley-Blackwell},
	volume = {22},
	number = {8},
	pages = {933-941},
	author = {Lo√Øc Pellissier and Kari Anne Br{\aa}then and Pascal Vittoz and Nigel G. Yoccoz and Anne Dubuis and Eliane S. Meier and Niklaus E. Zimmermann and Christophe F. Randin and Wilfried Thuiller and Luc Garraud and J{\'{e}}r{\'{e}}mie Van Es and Antoine Guisan},
	title = {Thermal niches are more conserved at cold than warm limits in arctic-alpine plant species},
	journal = {Global Ecology and Biogeography}
}