@article{ID84897671443,
	doi = {10.1007/s00442-013-2800-y},
	url = {https://doi.org/10.1007%2Fs00442-013-2800-y},
	year = 2013,
	month = {oct},
	publisher = {Springer Nature},
	volume = {174},
	number = {3},
	pages = {1033-1043},
	author = {Alexandre Anctil and Alastair Franke and JoÃ«l B{\^{e}}ty},
	title = {Heavy rainfall increases nestling mortality of an arctic top predator: Experimental evidence and long-term trend in peregrine falcons},
	journal = {Oecologia}
}