@article{ID84956741425,
	doi = {10.1007/s00300-014-1530-x},
	url = {https://doi.org/10.1007%2Fs00300-014-1530-x},
	year = 2014,
	month = {jul},
	publisher = {Springer Nature},
	volume = {37},
	number = {8},
	pages = {1219-1220},
	author = {Jean-R{\'{e}}mi Julien and Pierre Legagneux and Gilles Gauthier and R. I. Guy Morrison and Jean-Fran{\c{c}}ois Therrien and JoÃ«l B{\^{e}}ty},
	title = {Erratum to: Contribution of allochthonous resources to breeding in a high-arctic avian predator [Polar Biol, 37, 2014 (193-203), 10.1007/s00300-013-1423-4]},
	journal = {Polar Biology}
}