@article{ID84937676390,
	doi = {10.1038/srep12213},
	url = {https://doi.org/10.1038%2Fsrep12213},
	year = 2015,
	month = {jul},
	publisher = {Springer Nature},
	volume = {5},
	number = {1},
	author = {Patrick Weigelt and W. Daniel Kissling and Yael Kisel and Susanne A. Fritz and Dirk Nikolaus Karger and Michael Kessler and Samuli Lehtonen and Jens-Christian Svenning and Holger Kreft},
	title = {Global patterns and drivers of phylogenetic structure in island floras},
	journal = {Scientific Reports}
}