@article{ID84875467033,
	doi = {10.1371/journal.pone.0059311},
	url = {https://doi.org/10.1371%2Fjournal.pone.0059311},
	year = 2013,
	month = {mar},
	publisher = {Public Library of Science ({PLoS})},
	volume = {8},
	number = {3},
	pages = {e59311},
	author = {Marie-H{\'{e}}l{\`{e}}ne Truchon and Lena Measures and Vincent L'H{\'{e}}rault and Jean-Claude Br{\^{e}}thes and Peter S. Galbraith and Michel Harvey and Sylvie Lessard and Michel Starr and Nicolas Lecomte},
	editor = {Howard Browman},
	title = {Marine Mammal Strandings and Environmental Changes: A 15-Year Study in the St. Lawrence Ecosystem},
	journal = {{PLoS} {ONE}}
}