@article{ID84996843138,
	doi = {10.1002/ece3.2536},
	url = {https://doi.org/10.1002%2Fece3.2536},
	year = 2016,
	month = {oct},
	publisher = {Wiley-Blackwell},
	volume = {6},
	number = {23},
	pages = {8431-8439},
	author = {Peter A. Hamb√§ck and Elisabeth Weingartner and Love Dal{\'{e}}n and Helena Wirta and Tomas Roslin},
	title = {Spatial subsidies in spider diets vary with shoreline structure: Complementary evidence from molecular diet analysis and stable isotopes},
	journal = {Ecology and Evolution}
}