@article{ID84868123293,
	doi = {10.1111/j.1558-5646.2012.01685.x},
	url = {https://doi.org/10.1111%2Fj.1558-5646.2012.01685.x},
	year = 2012,
	month = {may},
	publisher = {Wiley-Blackwell},
	volume = {66},
	number = {11},
	pages = {3377-3389},
	author = {Vanessa Kellermann and Volker Loeschcke and Ary A. Hoffmann and Torsten Nygaard Kristensen and Camilla Fl{\o}jgaard and Jean R. David and Jens-Christian Svenning and Johannes Overgaard},
	title = {Phylogenetic Constraints In Key Functional Traits Behind Species' Climate Niches: Patterns Of Desiccation And Cold Resistance Across 95 Drosophila Species},
	journal = {Evolution}
}