@article{ID84899894026,
	doi = {10.1371/journal.pone.0086055},
	url = {https://doi.org/10.1371%2Fjournal.pone.0086055},
	year = 2014,
	month = {jan},
	publisher = {Public Library of Science ({PLoS})},
	volume = {9},
	number = {1},
	pages = {e86055},
	author = {Charmain D. Hamilton and Christian Lydersen and Rolf A. Ims and Kit M. Kovacs},
	editor = {Danilo Russo},
	title = {Haul-out behaviour of the world's northernmost population of harbour seals (Phoca vitulina) throughout the year},
	journal = {{PLoS} {ONE}}
}