@article{ID84863993907,
	doi = {10.1080/03632415.2012.706500},
	url = {https://doi.org/10.1080%2F03632415.2012.706500},
	year = 2012,
	month = {jul},
	publisher = {Informa {UK} Limited},
	volume = {37},
	number = {7},
	pages = {289-336},
	title = {Canadian Healthy Oceans network (CHONe): An academic-government partnership to develop scientific guidelines for conservation and sustainable usage of marine biodiversity},
	journal = {Fisheries}
}