@article{ID84871928472,
	doi = {10.1007/s10336-012-0881-8},
	url = {https://doi.org/10.1007%2Fs10336-012-0881-8},
	year = 2012,
	month = {jul},
	publisher = {Springer Nature},
	volume = {154},
	number = {1},
	pages = {155-162},
	author = {Kevin Kuhlmann Clausen and Preben Clausen and Anthony David Fox and Casper C{\ae}sar F{\ae}lled and Jesper Madsen},
	title = {Varying energetic costs of Brent Geese along a continuum from aquatic to agricultural habitats: The importance of habitat-specific energy expenditure},
	journal = {Journal of Ornithology}
}