@article{ID84881363710,
	doi = {10.1371/journal.pone.0071454},
	url = {https://doi.org/10.1371%2Fjournal.pone.0071454},
	year = 2013,
	month = {aug},
	publisher = {Public Library of Science ({PLoS})},
	volume = {8},
	number = {8},
	pages = {e71454},
	author = {Atte Penttil√§ and Eleanor M. Slade and Asko Simojoki and Terhi Riutta and Kari Minkkinen and Tomas Roslin},
	editor = {Dorian Q. Fuller},
	title = {Quantifying Beetle-Mediated Effects on Gas Fluxes from Dung Pats},
	journal = {{PLoS} {ONE}}
}