@article{ID84983135032,
	doi = {10.1093/femsec/fiv038},
	url = {https://doi.org/10.1093%2Ffemsec%2Ffiv038},
	year = 2015,
	month = {apr},
	publisher = {Oxford University Press ({OUP})},
	volume = {91},
	number = {5},
	author = {Vani Mohit and Philippe Archambault and Connie Lovejoy},
	title = {Resilience and adjustments of surface sediment bacterial communities in an enclosed shallow coastal lagoon, Magdalen Islands, Gulf of St. Lawrence, Canada},
	journal = {{FEMS} Microbiology Ecology}
}