@article{ID84869773880,
	doi = {10.1111/j.1365-2435.2012.02041.x},
	url = {https://doi.org/10.1111%2Fj.1365-2435.2012.02041.x},
	year = 2012,
	month = {sep},
	publisher = {Wiley-Blackwell},
	volume = {26},
	number = {6},
	pages = {1262-1274},
	author = {Alison M. Dunn and Mark E. Torchin and Melanie J. Hatcher and Peter M. Kotanen and Dana M. Blumenthal and James E. Byers and Courtney A. C. Coon and Victor M. Frankel and Robert D. Holt and Ruth A. Hufbauer and Andrew R. Kanarek and Kristina A. Schierenbeck and Lorne M. Wolfe and Sarah E. Perkins},
	editor = {Charles Fox},
	title = {Indirect effects of parasites in invasions},
	journal = {Functional Ecology}
}