@article{ID84878450963,
	doi = {10.1186/1471-2148-13-114},
	url = {https://doi.org/10.1186%2F1471-2148-13-114},
	year = 2013,
	publisher = {Springer Nature},
	volume = {13},
	number = {1},
	pages = {114},
	author = {Verena E Kutschera and Nicolas Lecomte and Axel Janke and Nuria Selva and Alexander A Sokolov and Timm Haun and Katharina Steyer and Carsten Nowak and Frank Hailer},
	title = {A range-wide synthesis and timeline for phylogeographic events in the red fox (Vulpes vulpes)},
	journal = {{BMC} Evolutionary Biology}
}