@article{ID84903595801,
	doi = {10.1016/j.marpolbul.2014.04.044},
	url = {https://doi.org/10.1016%2Fj.marpolbul.2014.04.044},
	year = 2014,
	month = {jul},
	publisher = {Elsevier {BV}},
	volume = {84},
	number = {1-2},
	pages = {411-417},
	author = {Jennifer F. Provencher and Alexander L. Bond and April Hedd and William A. Montevecchi and Sabir Bin Muzaffar and Sarah J. Courchesne and H. Grant Gilchrist and Sarah E. Jamieson and Flemming R. Merkel and Knud Falk and Jan Durinck and Mark L. Mallory},
	title = {Prevalence of marine debris in marine birds from the North Atlantic},
	journal = {Marine Pollution Bulletin}
}