@article{ID84978878295,
	doi = {10.1111/mec.13674},
	url = {https://doi.org/10.1111%2Fmec.13674},
	year = 2016,
	month = {jul},
	publisher = {Wiley-Blackwell},
	volume = {25},
	number = {14},
	pages = {3309-3318},
	author = {Karin Nor{\'{e}}n and Erika Godoy and Love Dal{\'{e}}n and Tomas Meijer and Anders Angerbj√∂rn},
	title = {Inbreeding depression in a critically endangered carnivore},
	journal = {Molecular Ecology}
}