@article{ID84877975193,
	doi = {10.1371/journal.pone.0064614},
	url = {https://doi.org/10.1371%2Fjournal.pone.0064614},
	year = 2013,
	month = {may},
	publisher = {Public Library of Science ({PLoS})},
	volume = {8},
	number = {5},
	pages = {e64614},
	author = {Olivier Gilg and B{\o}rge Moe and Sveinn Are Hanssen and Niels Martin Schmidt and Beno{\^{\i}}t Sittler and Jannik Hansen and Jeroen Reneerkens and Brigitte Sabard and Olivier Chastel and J{\'{e}}r{\^{o}}me Moreau and Richard A. Phillips and Thomas Oudman and Elisabeth M. Biersma and Anette A. Fenstad and Johannes Lang and Lo√Øc Bollache},
	editor = {Yan Ropert-Coudert},
	title = {Trans-Equatorial Migration Routes, Staging Sites and Wintering Areas of a High-Arctic Avian Predator: The Long-tailed Skua (Stercorarius longicaudus)},
	journal = {{PLoS} {ONE}}
}