@article{ID84991447762,
	doi = {10.1038/srep35275},
	url = {https://doi.org/10.1038%2Fsrep35275},
	year = 2016,
	month = {oct},
	publisher = {Springer Nature},
	volume = {6},
	number = {1},
	author = {Mikko Pentinsaari and Heli Salmela and Marko Mutanen and Tomas Roslin},
	title = {Molecular evolution of a widely-adopted taxonomic marker (COI) across the animal tree of life},
	journal = {Scientific Reports}
}