@article{ID84925243663,
	doi = {10.1111/1365-2664.12322},
	url = {https://doi.org/10.1111%2F1365-2664.12322},
	year = 2014,
	month = {sep},
	publisher = {Wiley-Blackwell},
	volume = {51},
	number = {5},
	pages = {1264-1272},
	author = {Torkild Tveraa and Audun Stien and Henrik Br{\o}seth and Nigel G. Yoccoz},
	editor = {Matt Hayward},
	title = {The role of predation and food limitation on claims for compensation, reindeer demography and population dynamics},
	journal = {Journal of Applied Ecology}
}