@article{ID84991758852,
	doi = {10.1002/jwmg.21135},
	url = {https://doi.org/10.1002%2Fjwmg.21135},
	year = 2016,
	month = {aug},
	publisher = {Wiley-Blackwell},
	volume = {80},
	number = {8},
	pages = {1427-1436},
	author = {G. Randy Milton and Samuel A. Iverson and Paul A. Smith and Molly D. Tomlik and Glen J. Parsons and Mark L. Mallory},
	title = {Sex-specific survival of adult common eiders in Nova Scotia, Canada},
	journal = {The Journal of Wildlife Management}
}