@article{ID84887001076,
	doi = {10.1002/ece3.207},
	url = {https://doi.org/10.1002%2Fece3.207},
	year = 2012,
	month = {feb},
	publisher = {Wiley-Blackwell},
	volume = {2},
	number = {3},
	pages = {525-537},
	author = {Justin Roy and Glenn Yannic and Steeve D. C{\^{o}}t{\'{e}} and Louis Bernatchez},
	title = {Negative density-dependent dispersal in the American black bear (Ursus americanus) revealed by noninvasive sampling and genotyping},
	journal = {Ecology and Evolution}
}