@article{ID84864379906,
	doi = {10.1007/s00300-012-1183-6},
	url = {https://doi.org/10.1007%2Fs00300-012-1183-6},
	year = 2012,
	month = {apr},
	publisher = {Springer Nature},
	volume = {35},
	number = {9},
	pages = {1439-1445},
	author = {Nicolai V. Meyling and Niels M. Schmidt and J{\o}rgen Eilenberg},
	title = {Occurrence and diversity of fungal entomopathogens in soils of low and high Arctic Greenland},
	journal = {Polar Biology}
}