@article{ID84994643792,
	doi = {10.1002/ecy.1570},
	url = {https://doi.org/10.1002%2Fecy.1570},
	year = 2016,
	month = {nov},
	publisher = {Wiley-Blackwell},
	volume = {97},
	number = {11},
	pages = {3231-3241},
	author = {Dominique Fauteux and Gilles Gauthier and Dominique Berteaux},
	title = {Top-down limitation of lemmings revealed by experimental reduction of predators},
	journal = {Ecology}
}