@article{ID84871770547,
	doi = {10.1111/j.1469-185x.2012.00235.x},
	url = {https://doi.org/10.1111%2Fj.1469-185x.2012.00235.x},
	year = 2012,
	month = {jun},
	publisher = {Wiley-Blackwell},
	volume = {88},
	number = {1},
	pages = {15-30},
	author = {Mary Susanne Wisz and Julien Pottier and W. Daniel Kissling and Loïc Pellissier and Jonathan Lenoir and Christian F. Damgaard and Carsten F. Dormann and Mads C. Forchhammer and John-Arvid Grytnes and Antoine Guisan and Risto K. Heikkinen and Toke T. H{\o}ye and Ingolf Kühn and Miska Luoto and Luigi Maiorano and Marie-Charlotte Nilsson and Signe Normand and Erik Öckinger and Niels M. Schmidt and Mette Termansen and Allan Timmermann and David A. Wardle and Peter Aastrup and Jens-Christian Svenning},
	title = {The role of biotic interactions in shaping distributions and realised assemblages of species: Implications for species distribution modelling},
	journal = {Biological Reviews}
}