@article{ID84896134503,
	doi = {10.1111/ibi.12142},
	url = {https://doi.org/10.1111%2Fibi.12142},
	year = 2014,
	month = {mar},
	publisher = {Wiley-Blackwell},
	volume = {156},
	number = {2},
	pages = {321-329},
	author = {Agn{\`{e}}s Lewden and Magali Petit and Myriam Milbergue and St{\'{e}}phane Orio and Fran{\c{c}}ois V{\'{e}}zina},
	editor = {Jim Reynolds},
	title = {Evidence of facultative daytime hypothermia in a small passerine wintering at northern latitudes},
	journal = {Ibis}
}