@article{ID84923106694,
	doi = {10.1111/gcb.12811},
	url = {https://doi.org/10.1111%2Fgcb.12811},
	year = 2015,
	month = {jan},
	publisher = {Wiley-Blackwell},
	volume = {21},
	number = {3},
	pages = {1116-1123},
	author = {David Gr{\'{e}}millet and J{\'{e}}r{\^{o}}me Fort and Fran{\c{c}}oise Am{\'{e}}lineau and Elena Zakharova and Tangi Le Bot and Enric Sala and Maria Gavrilo},
	title = {Arctic warming: Nonlinear impacts of sea-ice and glacier melt on seabird foraging},
	journal = {Global Change Biology}
}