@article{ID84978264835,
	doi = {10.1002/ece3.2236},
	url = {https://doi.org/10.1002%2Fece3.2236},
	year = 2016,
	month = {jun},
	publisher = {Wiley-Blackwell},
	volume = {6},
	number = {14},
	pages = {4885-4897},
	author = {Elodie C. Parain and Dominique Gravel and Rudolf P. Rohr and Louis-F{\'{e}}lix Bersier and Sarah M. Gray},
	title = {Mismatch in microbial food webs: predators but not prey perform better in their local biotic and abiotic conditions},
	journal = {Ecology and Evolution}
}