@article{ID84979086263,
	doi = {10.1371/journal.pone.0157764},
	url = {https://doi.org/10.1371%2Fjournal.pone.0157764},
	year = 2016,
	month = {jul},
	publisher = {Public Library of Science ({PLoS})},
	volume = {11},
	number = {7},
	pages = {e0157764},
	author = {Fran{\c{c}}oise Am{\'{e}}lineau and David Gr{\'{e}}millet and Delphine Bonnet and Tangi Le Bot and J{\'{e}}r{\^{o}}me Fort},
	editor = {Hans-Ulrich Peter},
	title = {Where to Forage in the Absence of Sea Ice? Bathymetry As a Key Factor for an Arctic Seabird},
	journal = {{PLOS} {ONE}}
}