@article{ID84906739030,
	doi = {10.1139/er-2013-0072},
	url = {https://doi.org/10.1139%2Fer-2013-0072},
	year = 2014,
	month = {sep},
	publisher = {Canadian Science Publishing},
	volume = {22},
	number = {3},
	pages = {244-255},
	author = {J. F. Provencher and M. L. Mallory and B. M. Braune and M. R. Forbes and H. G. Gilchrist},
	title = {Mercury and marine birds in Arctic Canada: Effects, current trends, and why we should be paying closer attention},
	journal = {Environmental Reviews}
}