@article{ID84988359680,
	doi = {10.1111/1365-2656.12585},
	url = {https://doi.org/10.1111%2F1365-2656.12585},
	year = 2016,
	month = {sep},
	publisher = {Wiley-Blackwell},
	volume = {85},
	number = {6},
	pages = {1481-1490},
	author = {Samuel A. Iverson and H. Grant Gilchrist and Catherine Soos and Isabel I. Buttler and N. Jane Harms and Mark R. Forbes},
	editor = {Rachel Norman},
	title = {Injecting epidemiology into population viability analysis: avian cholera transmission dynamics at an arctic seabird colony},
	journal = {Journal of Animal Ecology}
}