@article{ID84991170404,
	doi = {10.1111/j.1474-919x.1991.tb07663.x},
	url = {https://doi.org/10.1111%2Fj.1474-919x.1991.tb07663.x},
	year = 2008,
	month = {jun},
	publisher = {Wiley-Blackwell},
	volume = {133},
	pages = {3-8},
	author = {CHARLES J. KREBS},
	title = {The experimental paradigm and long‚Äêterm population studies},
	journal = {Ibis}
}