@article{ID84970603402,
	doi = {10.1071/wr9950001},
	url = {https://doi.org/10.1071%2Fwr9950001},
	year = 1995,
	publisher = {{CSIRO} Publishing},
	volume = {22},
	number = {1},
	pages = {1},
	author = {CJ Krebs},
	title = {Two paradigms of population regulation},
	journal = {Wildlife Research}
}