@article{ID84880100584,
	doi = {10.3732/ajb.1200490},
	url = {https://doi.org/10.3732%2Fajb.1200490},
	year = 2013,
	month = {may},
	publisher = {Botanical Society of America},
	volume = {100},
	number = {7},
	pages = {1398-1406},
	author = {A. M. Iler and T. T. Hoye and D. W. Inouye and N. M. Schmidt},
	title = {Long-term trends mask variation in the direction and magnitude of short-term phenological shifts},
	journal = {American Journal of Botany}
}