@article{ID84893910938,
	doi = {10.1139/cjz-2013-0122},
	url = {https://doi.org/10.1139%2Fcjz-2013-0122},
	year = 2014,
	month = {mar},
	publisher = {Canadian Science Publishing},
	volume = {92},
	number = {3},
	pages = {223-228},
	author = {D. B. Edwards and M. Haring and H. G. Gilchrist and A. I. Schulte-Hostedde},
	title = {Do social mating systems limit maternal immune investment in shorebirds?},
	journal = {Canadian Journal of Zoology}
}