@article{ID84875472196,
	doi = {10.4039/tce.2013.4},
	url = {https://doi.org/10.4039%2Ftce.2013.4},
	year = 2013,
	month = {feb},
	publisher = {Cambridge University Press ({CUP})},
	volume = {145},
	number = {02},
	pages = {155-170},
	author = {Elise Bolduc and Nicolas Casajus and Pierre Legagneux and Laura McKinnon and H. Grant Gilchrist and Maria Leung and R. I. Guy Morrison and Don Reid and Paul A. Smith and Christopher M. Buddle and JoÃ«l B{\^{e}}ty},
	title = {Terrestrial arthropod abundance and phenology in the Canadian Arctic: Modelling resource availability for Arctic-nesting insectivorous birds},
	journal = {The Canadian Entomologist}
}