@article{ID84994091594,
	doi = {10.1098/rsbl.2016.0264},
	url = {https://doi.org/10.1098%2Frsbl.2016.0264},
	year = 2016,
	month = {sep},
	publisher = {The Royal Society},
	volume = {12},
	number = {9},
	pages = {20160264},
	author = {Inger Greve Alsos and Dorothee Ehrich and Marit-Solveig Seidenkrantz and Ole Bennike and Andreas Joachim Kirchhefer and Aslaug Geirsdottir},
	title = {The role of sea ice for vascular plant dispersal in the Arctic},
	journal = {Biology Letters}
}