@article{ID84895816383,
	doi = {10.1007/s00300-013-1441-2},
	url = {https://doi.org/10.1007%2Fs00300-013-1441-2},
	year = 2013,
	month = {dec},
	publisher = {Springer Nature},
	volume = {37},
	number = {4},
	pages = {447-457},
	author = {Ivan Pokrovsky and Doroth{\'{e}}e Ehrich and Rolf A. Ims and Olga Kulikova and Nicolas Lecomte and Nigel G. Yoccoz},
	title = {Diet, nesting density, and breeding success of rough-legged buzzards (Buteo lagopus) on the Nenetsky Ridge, Arctic Russia},
	journal = {Polar Biology}
}