@article{ID84978920070,
	doi = {10.1007/s10113-016-0981-8},
	url = {https://doi.org/10.1007%2Fs10113-016-0981-8},
	year = 2016,
	month = {jul},
	publisher = {Springer Nature},
	volume = {17},
	number = {5},
	pages = {1381-1396},
	author = {Meredith Root-Bernstein and Mat{\'{\i}}as Guerrero-Gatica and Luis Pi{\~{n}}a and Cristi{\'{a}}n Bonacic and Jens-Christian Svenning and Fabi{\'{a}}n M. Jaksic},
	title = {Rewilding-inspired transhumance for the restoration of semiarid silvopastoral systems in Chile},
	journal = {Regional Environmental Change}
}