@article{ID84901460918,
	doi = {10.4267/2042/53707},
	url = {https://doi.org/10.4267%2F2042%2F53707},
	year = 2013,
	publisher = {{INIST}-{CNRS}},
	number = {5},
	pages = {445},
	author = {Coryse PERNOT and Yoan PAILLET and Vincent BOULANGER and Nicolas DEBAIVE and Marc FUHR and Olivier GILG and Fr{\'{e}}d{\'{e}}ric GOSSELIN},
	title = {Impact of discontinuing logging activity on the dendrometric structure of mixed beech forests in france},
	journal = {Revue Foresti{\`{e}}re Fran{\c{c}}aise},
	volume = {65}
}