@article{ID84886281130,
	doi = {10.1002/ece3.508},
	url = {https://doi.org/10.1002%2Fece3.508},
	year = 2013,
	month = {mar},
	publisher = {Wiley-Blackwell},
	volume = {3},
	number = {4},
	pages = {1125-1139},
	author = {Timoth{\'{e}}e Poisot and B{\'{e}}rang{\`{e}}re P{\'{e}}quin and Dominique Gravel},
	title = {High-Throughput Sequencing: A Roadmap Toward Community Ecology},
	journal = {Ecology and Evolution}
}