@article{ID84946761526,
	doi = {10.1111/gcb.13057},
	url = {https://doi.org/10.1111%2Fgcb.13057},
	year = 2015,
	month = {nov},
	publisher = {Wiley-Blackwell},
	volume = {21},
	number = {12},
	pages = {4364-4376},
	author = {Madeleine Doiron and Gilles Gauthier and Esther L{\'{e}}vesque},
	title = {Trophic mismatch and its effects on the growth of young in an Arctic herbivore},
	journal = {Global Change Biology}
}