@article{ID84900805558,
	doi = {10.1007/s10533-014-9962-5},
	url = {https://doi.org/10.1007%2Fs10533-014-9962-5},
	year = 2014,
	month = {feb},
	publisher = {Springer Nature},
	volume = {119},
	number = {1-3},
	pages = {229-244},
	author = {Julie Maria Falk and Niels Martin Schmidt and Lena Str√∂m},
	title = {Effects of simulated increased grazing on carbon allocation patterns in a high arctic mire},
	journal = {Biogeochemistry}
}