@article{ID84994796881,
	doi = {10.1111/gcb.13494},
	url = {https://doi.org/10.1111%2Fgcb.13494},
	year = 2016,
	month = {sep},
	publisher = {Wiley-Blackwell},
	volume = {23},
	number = {3},
	pages = {1232-1239},
	author = {Ingrid Olivares and Jens-Christian Svenning and Peter M. van Bodegom and Renato Valencia and Henrik Balslev},
	title = {Stability in a changing world – palm community dynamics in the hyperdiverse western Amazon over 17 years},
	journal = {Global Change Biology}
}