@article{ID84906718672,
	doi = {10.1111/eva.12180},
	url = {https://doi.org/10.1111%2Feva.12180},
	year = 2014,
	month = {jun},
	publisher = {Wiley-Blackwell},
	volume = {7},
	number = {7},
	pages = {765-773},
	author = {Pierre Legagneux and Lisha L. Berzins and Mark Forbes and Naomi Jane Harms and Holly L. Hennin and Sophie Bourgeon and H. G. Gilchrist and JoÃ«l B{\^{e}}ty and Catherine Soos and Oliver P. Love and Jeffrey T. Foster and S{\'{e}}bastien Descamps and Gary Burness},
	title = {No selection on immunological markers in response to a highly virulent pathogen in an Arctic breeding bird},
	journal = {Evolutionary Applications}
}