@incollection{ID84920448507,
	doi = {10.1093/acprof:oso/9780198529873.003.0006},
	url = {https://doi.org/10.1093%2Facprof%3Aoso%2F9780198529873.003.0006},
	year = 2005,
	month = {jan},
	publisher = {Oxford University Press},
	pages = {68-84},
	author = {Robert Holt and Thierry Boulinier},
	title = {Ecosystems and parasitism: The spatial dimension},
	booktitle = {Parasitism and Ecosystems},
	journal = {Parasitism and Ecosystems}
}