@article{ID84946553501,
	doi = {10.1016/j.biocon.2015.10.021},
	url = {https://doi.org/10.1016%2Fj.biocon.2015.10.021},
	year = 2015,
	month = {dec},
	publisher = {Elsevier {BV}},
	volume = {192},
	pages = {409-417},
	author = {Christine L. Madliger and Christina A. D. Semeniuk and Christopher M. Harris and Oliver P. Love},
	title = {Assessing baseline stress physiology as an integrator of environmental quality in a wild avian population: Implications for use as a conservation biomarker},
	journal = {Biological Conservation}
}