@article{ID84969746058,
	doi = {10.1016/j.sajb.2016.03.017},
	url = {https://doi.org/10.1016%2Fj.sajb.2016.03.017},
	year = 2016,
	month = {jul},
	publisher = {Elsevier {BV}},
	volume = {105},
	pages = {317-323},
	author = {M. Greve and A. M. Lykke and C. W. Fagg and R. E. Gereau and G. P. Lewis and R. Marchant and A. R. Marshall and J. Ndayishimiye and J. Bogaert and J.-C. Svenning},
	title = {Realising the potential of herbarium records for conservation biology},
	journal = {South African Journal of Botany}
}