@article{ID84923852986,
	doi = {10.1163/1568539x-00003205},
	url = {https://doi.org/10.1163%2F1568539x-00003205},
	year = 2015,
	month = {feb},
	publisher = {Brill Academic Publishers},
	volume = {152},
	number = {3-4},
	pages = {359-374},
	author = {David Beaune and Lo√Øc Bollache and Barbara Fruth and Fran{\c{c}}ois Bretagnolle and Gottfried Hohmann},
	title = {Can fruiting plants control animal behaviour and seed dispersal distance?},
	journal = {Behaviour}
}