@article{ID84951864802,
	doi = {10.5194/bg-12-6999-2015},
	url = {https://doi.org/10.5194%2Fbg-12-6999-2015},
	year = 2015,
	month = {dec},
	publisher = {Copernicus {GmbH}},
	volume = {12},
	number = {23},
	pages = {6999-7011},
	author = {P. Glaz and J.-P. Gagn{\'{e}} and P. Archambault and P. Sirois and C. Nozais},
	title = {Impact of forest harvesting on water quality and fluorescence characteristics of dissolved organic matter in eastern Canadian Boreal Shield lakes in summer},
	journal = {Biogeosciences}
}