@article{ID84925452458,
	doi = {10.1038/srep09337},
	url = {https://doi.org/10.1038%2Fsrep09337},
	year = 2015,
	month = {mar},
	publisher = {Springer Nature},
	volume = {5},
	number = {1},
	author = {Gang Feng and Xiangcheng Mi and Wolf L. Eiserhardt and Guangze Jin and Weiguo Sang and Zhijun Lu and Xihua Wang and Xiankun Li and Buhang Li and Ifang Sun and Keping Ma and Jens-Christian Svenning},
	title = {Assembly of forest communities across East Asia - Insights from phylogenetic community structure and species pool scaling},
	journal = {Scientific Reports}
}