@article{ID84887013828,
	doi = {10.1002/ece3.675},
	url = {https://doi.org/10.1002%2Fece3.675},
	year = 2013,
	month = {jul},
	publisher = {Wiley-Blackwell},
	volume = {3},
	number = {9},
	pages = {2867-2879},
	author = {Vincent L{\textquotesingle}H{\'{e}}rault and Alastair Franke and Nicolas Lecomte and Adam Alogut and JoÃ«l B{\^{e}}ty},
	title = {Landscape heterogeneity drives intra-population niche variation and reproduction in an arctic top predator},
	journal = {Ecology and Evolution}
}