@article{ID84872450837,
	doi = {10.1111/j.1469-7998.2012.00968.x},
	url = {https://doi.org/10.1111%2Fj.1469-7998.2012.00968.x},
	year = 2013,
	month = {jan},
	publisher = {Wiley-Blackwell},
	volume = {289},
	number = {2},
	pages = {119-126},
	author = {C. R. White and J. A. Green and G. R. Martin and P. J. Butler and D. Gr{\'{e}}millet},
	title = {Energetic constraints may limit the capacity of visually guided predators to respond to Arctic warming},
	journal = {Journal of Zoology}
}