@article{ID84982918775,
	doi = {10.1111/1365-2664.12742},
	url = {https://doi.org/10.1111%2F1365-2664.12742},
	year = 2016,
	month = {aug},
	publisher = {Wiley-Blackwell},
	volume = {54},
	number = {1},
	pages = {39-50},
	author = {Ceres Barros and Maya Gu{\'{e}}guen and Rolland Douzet and Marta Carboni and Isabelle Boulangeat and Niklaus E. Zimmermann and Tamara Münkemüller and Wilfried Thuiller},
	editor = {Akira Mori},
	title = {Extreme climate events counteract the effects of climate and land-use changes in Alpine tree lines},
	journal = {Journal of Applied Ecology}
}