@article{ID84905683148,
	doi = {10.1080/10256016.2014.915824},
	url = {https://doi.org/10.1080%2F10256016.2014.915824},
	year = 2014,
	month = {may},
	publisher = {Informa {UK} Limited},
	volume = {50},
	number = {3},
	pages = {361-381},
	author = {Eeva M. Soininen and Doroth{\'{e}}e Ehrich and Nicolas Lecomte and Nigel G. Yoccoz and Arnaud Tarroux and Dominique Berteaux and Gilles Gauthier and Ludovic Gielly and Christian Brochmann and Galina Gussarova and Rolf A. Ims},
	title = {Sources of variation in small rodent trophic niche: New insights from DNA metabarcoding and stable isotope analysis},
	journal = {Isotopes in Environmental and Health Studies}
}