@article{ID84885428555,
	doi = {10.1111/nph.12412},
	url = {https://doi.org/10.1111%2Fnph.12412},
	year = 2013,
	month = {jul},
	publisher = {Wiley-Blackwell},
	volume = {200},
	number = {3},
	pages = {898-910},
	author = {Pernille Bronken Eidesen and Dorothee Ehrich and Vegar Bakkestuen and Inger Greve Alsos and Oliver Gilg and Pierre Taberlet and Christian Brochmann},
	title = {Genetic roadmap of the Arctic: Plant dispersal highways, traffic barriers and capitals of diversity},
	journal = {New Phytologist}
}