@article{ID84961287893,
	doi = {10.1371/journal.pone.0115335},
	url = {https://doi.org/10.1371%2Fjournal.pone.0115335},
	year = 2015,
	month = {jan},
	publisher = {Public Library of Science ({PLoS})},
	volume = {10},
	number = {1},
	pages = {e0115335},
	author = {Eeva M. Soininen and Gilles Gauthier and Fr{\'{e}}d{\'{e}}ric Bilodeau and Dominique Berteaux and Ludovic Gielly and Pierre Taberlet and Galina Gussarova and Eva Bellemain and Kristian Hassel and Hans K. Sten{\o}ien and Laura Epp and Audun Schr{\o}der-Nielsen and Christian Brochmann and Nigel G. Yoccoz},
	editor = {Ulrich Melcher},
	title = {Highly overlapping winter diet in two sympatric lemming species revealed by DNA metabarcoding},
	journal = {{PLOS} {ONE}}
}