@article{ID84863766690,
	doi = {10.1111/j.1399-3054.2011.01564.x},
	url = {https://doi.org/10.1111%2Fj.1399-3054.2011.01564.x},
	year = 2012,
	month = {feb},
	publisher = {Wiley-Blackwell},
	volume = {145},
	number = {4},
	pages = {540-550},
	author = {Kristine S. Boesgaard and Kristian R. Albert and Helge Ro-Poulsen and Anders Michelsen and Teis N. Mikkelsen and Niels M. Schmidt},
	title = {Long-term structural canopy changes sustain net photosynthesis per ground area in high arctic Vaccinium uliginosum exposed to changes in near-ambient UV-B levels},
	journal = {Physiologia Plantarum}
}