@article{ID84906309694,
	doi = {10.1111/bij.12309},
	url = {https://doi.org/10.1111%2Fbij.12309},
	year = 2014,
	month = {jul},
	publisher = {Oxford University Press ({OUP})},
	volume = {113},
	number = {1},
	pages = {13-28},
	author = {Pedro Abell{\'{a}}n and Jens-Christian Svenning},
	title = {Refugia within refugia - patterns in endemism and genetic divergence are linked to Late Quaternary climate stability in the Iberian Peninsula},
	journal = {Biological Journal of the Linnean Society}
}