@article{ID84961170131,
	doi = {10.1007/s10592-015-0795-0},
	url = {https://doi.org/10.1007%2Fs10592-015-0795-0},
	year = 2015,
	month = {nov},
	publisher = {Springer Nature},
	volume = {17},
	number = {2},
	pages = {437-453},
	author = {Glenn Yannic and Martin-Hugues St-Laurent and Joaquin Ortego and JoÃ«lle Taillon and Alexandre Beauchemin and Louis Bernatchez and Christian Dussault and Steeve D. C{\^{o}}t{\'{e}}},
	title = {Integrating ecological and genetic structure to define management units for caribou in Eastern Canada},
	journal = {Conservation Genetics}
}