@article{ID84991810813,
	doi = {10.1111/gcb.13522},
	url = {https://doi.org/10.1111%2Fgcb.13522},
	year = 2016,
	month = {oct},
	publisher = {Wiley-Blackwell},
	volume = {23},
	number = {4},
	pages = {1425-1435},
	author = {Vendela K. Lagerholm and Edson Sandoval-Castellanos and Am{\'{e}}lie Vaniscotte and Olga R. Potapova and Teresa Tomek and Zbigniew M. Bochenski and Paul Shepherd and Nick Barton and ‎Marie-Claire Van Dyck and Rebecca Miller and ‎Jacob Höglund and Nigel G. Yoccoz and Love Dal{\'{e}}n and John R. Stewart},
	title = {Range shifts or extinction? Ancient DNA and distribution modelling reveal past and future responses to climate warming in cold-adapted birds},
	journal = {Global Change Biology}
}