@article{ID84922849015,
	doi = {10.1016/j.baae.2014.11.003},
	url = {https://doi.org/10.1016%2Fj.baae.2014.11.003},
	year = 2015,
	month = {feb},
	publisher = {Elsevier {BV}},
	volume = {16},
	number = {1},
	pages = {86-92},
	author = {Helena K. Wirta and Elisabeth Weingartner and Peter A. Hamb√§ck and Tomas Roslin},
	title = {Extensive niche overlap among the dominant arthropod predators of the High Arctic},
	journal = {Basic and Applied Ecology}
}