@article{ID84858003384,
	doi = {10.1007/s00442-011-2130-x},
	url = {https://doi.org/10.1007%2Fs00442-011-2130-x},
	year = 2011,
	month = {oct},
	publisher = {Springer Nature},
	volume = {168},
	number = {4},
	pages = {997-1012},
	author = {Tania N. Kim and Robert D. Holt},
	title = {The direct and indirect effects of fire on the assembly of insect herbivore communities: Examples from the Florida scrub habitat},
	journal = {Oecologia}
}