@inproceedings{ID84894244190,
	doi = {10.1109/igarss.2013.6721153},
	url = {https://doi.org/10.1109%2Figarss.2013.6721153},
	year = 2013,
	month = {jul},
	publisher = {{IEEE}},
	author = {Robin Pouteau and Antoine Collin and Philippe Archambault and Benoit Stoll},
	title = {Modeling reef health from upstream socio-ecological components using GIS and RS},
	booktitle = {2013 {IEEE} International Geoscience and Remote Sensing Symposium - {IGARSS}},
	pages = {306-309},
	journal = {International Geoscience and Remote Sensing Symposium (IGARSS)}
}