@article{ID84907272611,
	doi = {10.3391/ai.2014.9.3.08},
	url = {https://doi.org/10.3391%2Fai.2014.9.3.08},
	year = 2014,
	month = {sep},
	publisher = {Regional Euro-Asian Biological Invasions Centre Oy ({REABIC})},
	volume = {9},
	number = {3},
	pages = {327-342},
	author = {Jesica Goldsmit and Kimberly Howland and Philippe Archambault},
	title = {Establishing a baseline for early detection of non-indigenous species in ports of the Canadian Arctic},
	journal = {Aquatic Invasions}
}