@article{ID84899939226,
	doi = {10.1111/j.1600-0587.2013.00218.x},
	url = {https://doi.org/10.1111%2Fj.1600-0587.2013.00218.x},
	year = 2013,
	month = {nov},
	publisher = {Wiley-Blackwell},
	pages = {no-no},
	author = {Tomas Roslin and Gergely V{\'{a}}rkonyi and Martti Koponen and Veli Vikberg and Marko Nieminen},
	title = {Species-area relationships across four trophic levels - decreasing island size truncates food chains},
	journal = {Ecography},
	volume = {37},
	number = {5}
}