@article{ID84920964433,
	doi = {10.1098/rspb.2014.2085},
	url = {https://doi.org/10.1098%2Frspb.2014.2085},
	year = 2014,
	month = {dec},
	publisher = {The Royal Society},
	volume = {282},
	number = {1800},
	pages = {20142085-20142085},
	author = {N. J. Harms and P. Legagneux and H. G. Gilchrist and J. Bety and O. P. Love and M. R. Forbes and G. R. Bortolotti and C. Soos},
	title = {Feather corticosterone reveals effect of moulting conditions in the autumn on subsequent reproductive output and survival in an Arctic migratory bird},
	journal = {Proceedings of the Royal Society B: Biological Sciences}
}