@article{ID84865475636,
	doi = {10.1093/icesjms/fss040},
	url = {https://doi.org/10.1093%2Ficesjms%2Ffss040},
	year = 2012,
	month = {mar},
	publisher = {Oxford University Press ({OUP})},
	volume = {69},
	number = {7},
	pages = {1218-1225},
	author = {A. J. Gaston and P. A. Smith and J. F. Provencher},
	title = {Discontinuous change in ice cover in Hudson Bay in the 1990s and some consequences for marine birds and their prey},
	journal = {{ICES} Journal of Marine Science}
}