@article{ID84860451607,
	doi = {10.1675/063.035.0102},
	url = {https://doi.org/10.1675%2F063.035.0102},
	year = 2012,
	month = {mar},
	publisher = {Waterbird Society},
	volume = {35},
	number = {1},
	pages = {15-24},
	author = {R. Kenyon Ross and Paul A. Smith and Barbara Campbell and Christian A. Friis and R. I. Guy Morrison},
	title = {Population trends of shorebirds in Southern Ontario, 1974-2009},
	journal = {Waterbirds}
}