@article{ID84945487355,
	doi = {10.1007/s10144-015-0504-3},
	url = {https://doi.org/10.1007%2Fs10144-015-0504-3},
	year = 2015,
	month = {sep},
	publisher = {Springer Nature},
	volume = {57},
	number = {4},
	pages = {581-589},
	author = {Ana Gouveia and Vladim{\'{\i}}r Bej{\v{c}}ek and Ji{\v{r}}{\'{\i}} Flousek and Franti{\v{s}}ek Sedl{\'{a}}{\v{c}}ek and Karel {\v{S}}{\v{t}}astn{\'{y}} and Jan Zima and Nigel G. Yoccoz and Nils Chr. Stenseth and Emil Tkadlec},
	title = {Long-term pattern of population dynamics in the field vole from central Europe: cyclic pattern with amplitude dampening},
	journal = {Population Ecology}
}