@article{ID84877052875,
	doi = {10.1016/j.envint.2013.03.009},
	url = {https://doi.org/10.1016%2Fj.envint.2013.03.009},
	year = 2013,
	month = {jul},
	publisher = {Elsevier {BV}},
	volume = {57-58},
	pages = {25-33},
	author = {Igor Eulaers and Veerle L. B. Jaspers and Jan O. Bustnes and Adrian Covaci and Trond V. Johnsen and Duncan J. Halley and Truls Moum and Rolf A. Ims and Sveinn A. Hanssen and Kjell E. Erikstad and Dorte Herzke and Christian Sonne and Manuel Ballesteros and Rianne Pinxten and Marcel Eens},
	title = {Ecological and spatial factors drive intra- and interspecific variation in exposure of subarctic predatory bird nestlings to persistent organic pollutants},
	journal = {Environment International}
}