@article{ID84931040891,
	doi = {10.1071/wr14240},
	url = {https://doi.org/10.1071%2Fwr14240},
	year = 2015,
	publisher = {{CSIRO} Publishing},
	volume = {42},
	number = {2},
	pages = {176},
	author = {Jeffery R. Werner and Charles J. Krebs and Scott A. Donker and Rudy Boonstra and Michael J. Sheriff},
	title = {Arctic ground squirrel population collapse in the boreal forests of the Southern Yukon},
	journal = {Wildlife Research}
}