@article{ID84892854143,
	doi = {10.1007/s12686-011-9565-6},
	url = {https://doi.org/10.1007%2Fs12686-011-9565-6},
	year = 2011,
	month = {nov},
	publisher = {Springer Nature},
	volume = {4},
	number = {2},
	pages = {423-428},
	author = {Kristina Noreikiene and Amber G. F. Teacher and Jesper Madsen and Phillip Gienapp},
	title = {Isolation and characterization of 55 novel microsatellite markers for the pink-footed goose (Anser brachyrhynchus)},
	journal = {Conservation Genetics Resources}
}