@article{ID84943142925,
	doi = {10.5751/es-07607-200332},
	url = {https://doi.org/10.5751%2Fes-07607-200332},
	year = 2015,
	publisher = {Resilience Alliance, Inc.},
	volume = {20},
	number = {3},
	author = {Roland Jansson and Christer Nilsson and E. Carina H. Keskitalo and Tatiana Vlasova and Marja-Liisa Sutinen and Jon Moen and F. Stuart Chapin III and Kari Anne Br{\aa}then and Mar Cabeza and Terry V. Callaghan and Bob van Oort and Halvor Dannevig and Ingrid A. Bay-larsen and Rolf A. Ims and Paul Eric Aspholm},
	title = {Future changes in the supply of goods and services from natural ecosystems: Prospects for the European North},
	journal = {Ecology and Society}
}