@article{ID84871105628,
	doi = {10.1371/journal.pone.0050335},
	url = {https://doi.org/10.1371%2Fjournal.pone.0050335},
	year = 2012,
	month = {dec},
	publisher = {Public Library of Science ({PLoS})},
	volume = {7},
	number = {12},
	pages = {e50335},
	author = {Vasiliy Sokolov and Doroth{\'{e}}e Ehrich and Nigel G. Yoccoz and Alexander Sokolov and Nicolas Lecomte},
	editor = {Katherine Renton},
	title = {Bird Communities of the Arctic Shrub Tundra of Yamal: Habitat Specialists and Generalists},
	journal = {{PLoS} {ONE}}
}