@article{ID84926442644,
	doi = {10.7717/peerj.815},
	url = {https://doi.org/10.7717%2Fpeerj.815},
	year = 2015,
	month = {mar},
	publisher = {{PeerJ}},
	volume = {3},
	pages = {e815},
	author = {Martin A. Mörsdorf and Virve T. Ravolainen and Leif Einar St{\o}vern and Nigel G. Yoccoz and Ingibjörg Svala J{\'{o}}nsd{\'{o}}ttir and Kari Anne Br{\aa}then},
	title = {Definition of sampling units begets conclusions in ecology: The case of habitats for plant communities},
	journal = {{PeerJ}},
	number = {3}
}