@article{ID84939270818,
	doi = {10.1111/1365-2656.12396},
	url = {https://doi.org/10.1111%2F1365-2656.12396},
	year = 2015,
	month = {jun},
	publisher = {Wiley-Blackwell},
	volume = {84},
	number = {5},
	pages = {1242-1252},
	author = {Kari E. Ellingsen and Marti J. Anderson and Nancy L. Shackell and Torkild Tveraa and Nigel G. Yoccoz and Kenneth T. Frank},
	editor = {Anna Kuparinen},
	title = {The role of a dominant predator in shaping biodiversity over space and time in a marine ecosystem},
	journal = {Journal of Animal Ecology}
}