@article{ID84859621660,
	doi = {10.1111/j.1365-294x.2012.05537.x},
	url = {https://doi.org/10.1111%2Fj.1365-294x.2012.05537.x},
	year = 2012,
	month = {apr},
	publisher = {Wiley-Blackwell},
	volume = {21},
	number = {8},
	pages = {1821-1833},
	author = {LAURA S. EPP and SANNE BOESSENKOOL and EVA P. BELLEMAIN and JAMES HAILE and ALFONSO ESPOSITO and TIAYYBA RIAZ and CHRISTER ERS{\'{E}}US and VLADIMIR I. GUSAROV and MARY E. EDWARDS and ARILD JOHNSEN and HANS K. STEN{\O}IEN and KRISTIAN HASSEL and H{\AA}VARD KAUSERUD and NIGEL G. YOCCOZ and KARI ANNE BR{\AA}THEN and ESKE WILLERSLEV and PIERRE TABERLET and ERIC COISSAC and CHRISTIAN BROCHMANN},
	title = {New environmental metabarcodes for analysing soil DNA: Potential for studying past and present ecosystems},
	journal = {Molecular Ecology}
}