@article{ID84865863005,
	doi = {10.1111/j.1365-2486.2012.02770.x},
	url = {https://doi.org/10.1111%2Fj.1365-2486.2012.02770.x},
	year = 2012,
	month = {jul},
	publisher = {Wiley-Blackwell},
	volume = {18},
	number = {10},
	pages = {3224-3236},
	author = {Casper T. Christiansen and Sarah H. Svendsen and Niels M. Schmidt and Anders Michelsen},
	title = {High arctic heath soil respiration and biogeochemical dynamics during summer and autumn freeze-in - effects of long-term enhanced water and nutrient supply},
	journal = {Global Change Biology}
}