@article{ID84861638514,
	doi = {10.1038/nclimate1465},
	url = {https://doi.org/10.1038%2Fnclimate1465},
	year = 2012,
	month = {apr},
	publisher = {Springer Nature},
	volume = {2},
	number = {6},
	pages = {453-457},
	author = {Sarah C. Elmendorf and Gregory H. R. Henry and Robert D. Hollister and Robert G. Björk and No{\'{e}}mie Boulanger-Lapointe and Elisabeth J. Cooper and Johannes H. C. Cornelissen and Thomas A. Day and Ellen Dorrepaal and Tatiana G. Elumeeva and Mike Gill and William A. Gould and John Harte and David S. Hik and Annika Hofgaard and David R. Johnson and Jill F. Johnstone and Ingibjörg Svala J{\'{o}}nsd{\'{o}}ttir and Janet C. Jorgenson and Kari Klanderud and Julia A. Klein and Saewan Koh and Gaku Kudo and Mark Lara and Esther L{\'{e}}vesque and Borgthor Magn{\'{u}}sson and Jeremy L. May and Joel A. Mercado-D{\i}{\textasciiacute}az and Anders Michelsen and Ulf Molau and Isla H. Myers-Smith and Steven F. Oberbauer and Vladimir G. Onipchenko and Christian Rixen and Niels Martin Schmidt and Gaius R. Shaver and Marko J. Spasojevic and {\TH}{\'{o}}ra Ellen {\TH}{\'{o}}rhallsd{\'{o}}ttir and Anne Tolvanen and Tiffany Troxler and Craig E. Tweedie and Sandra Villareal and Carl-Henrik Wahren and Xanthe Walker and Patrick J. Webber and Jeffrey M. Welker and Sonja Wipf},
	title = {Plot-scale evidence of tundra vegetation change and links to recent summer warming},
	journal = {Nature Climate Change}
}