@article{ID84867079783,
	doi = {10.1073/pnas.1207553109},
	url = {https://doi.org/10.1073%2Fpnas.1207553109},
	year = 2012,
	month = {sep},
	publisher = {Proceedings of the National Academy of Sciences},
	volume = {109},
	number = {40},
	pages = {16228-16233},
	author = {V. Kellermann and J. Overgaard and A. A. Hoffmann and C. Flojgaard and J.-C. Svenning and V. Loeschcke},
	title = {Upper thermal limits of Drosophila are linked to species distributions and strongly constrained phylogenetically},
	journal = {Proceedings of the National Academy of Sciences}
}