@article{ID84890799987,
	doi = {10.1111/j.1600-0706.2013.00406.x},
	url = {https://doi.org/10.1111%2Fj.1600-0706.2013.00406.x},
	year = 2013,
	month = {aug},
	publisher = {Wiley-Blackwell},
	volume = {123},
	number = {1},
	pages = {33-40},
	author = {Samantha C. Patrick and Stuart Bearhop and David Gr{\'{e}}millet and Am{\'{e}}lie LescroÃ«l and W. James Grecian and Thomas W. Bodey and Keith C. Hamer and Ewan Wakefield and M{\'{e}}lanie Le Nuz and Stephen C. Votier},
	title = {Individual differences in searching behaviour and spatial foraging consistency in a central place marine predator},
	journal = {Oikos}
}