@article{ID84867672767,
	doi = {10.1111/j.2041-210x.2010.00047.x},
	url = {https://doi.org/10.1111%2Fj.2041-210x.2010.00047.x},
	year = 2010,
	month = {jun},
	publisher = {Wiley-Blackwell},
	volume = {2},
	number = {1},
	pages = {66-76},
	author = {Doroth{\'{e}}e Ehrich and Arnaud Tarroux and Jenny Stien and Nicolas Lecomte and Siw Killengreen and Dominique Berteaux and Nigel G. Yoccoz},
	title = {Stable isotope analysis: Modelling lipid normalization for muscle and eggs from arctic mammals and birds},
	journal = {Methods in Ecology and Evolution}
}