@article{ID84914154932,
	doi = {10.1086/678406},
	url = {https://doi.org/10.1086%2F678406},
	year = 2014,
	month = {dec},
	publisher = {University of Chicago Press},
	volume = {184},
	number = {6},
	pages = {752-763},
	author = {Isabelle Gounand and Nicolas Mouquet and Elsa Canard and Fr{\'{e}}d{\'{e}}ric Guichard and C{\'{e}}line Hauzy and Dominique Gravel},
	title = {The paradox of enrichment in metaecosystems},
	journal = {The American Naturalist}
}