@article{ID84861396075,
	doi = {10.3354/ab00430},
	url = {https://doi.org/10.3354%2Fab00430},
	year = 2012,
	month = {may},
	publisher = {Inter-Research Science Center},
	volume = {15},
	number = {2},
	pages = {187-194},
	author = {D Gr{\'{e}}millet and T Nazirides and H Nikolaou and AJ Crivelli},
	title = {Fish are not safe from great cormorants in turbid water},
	journal = {Aquatic Biology}
}