@article{ID84856306053,
	doi = {10.1016/j.ympev.2011.12.004},
	url = {https://doi.org/10.1016%2Fj.ympev.2011.12.004},
	year = 2012,
	month = {mar},
	publisher = {Elsevier {BV}},
	volume = {62},
	number = {3},
	pages = {806-815},
	author = {Glenn Yannic and Reto Burri and Vladimir G. Malikov and Peter Vogel},
	title = {Systematics of snow voles (Chionomys, Arvicolinae) revisited},
	journal = {Molecular Phylogenetics and Evolution}
}