@article{ID84917679747,
	doi = {10.3389/fgene.2014.00452},
	url = {https://doi.org/10.3389%2Ffgene.2014.00452},
	year = 2015,
	month = {jan},
	publisher = {Frontiers Media {SA}},
	volume = {5},
	author = {Thomas L. P. Couvreur and W. Daniel Kissling and Fabien L. Condamine and Jens-Christian Svenning and Nick P. Rowe and William J. Baker},
	title = {Global diversification o f a tropical plant growth form: Environmental correlates and historical contingencies in climbing palms},
	journal = {Frontiers in Genetics},
	number = {DEC}
}