@article{ID84877630129,
	doi = {10.1007/s00300-013-1308-6},
	url = {https://doi.org/10.1007%2Fs00300-013-1308-6},
	year = 2013,
	month = {mar},
	publisher = {Springer Nature},
	volume = {36},
	number = {6},
	pages = {831-836},
	author = {Joseph J. Bowden and Toke T. H{\o}ye and Christopher M. Buddle},
	title = {Fecundity and sexual size dimorphism of wolf spiders (Araneae: Lycosidae) along an elevational gradient in the Arctic},
	journal = {Polar Biology}
}