@article{ID84947078727,
	doi = {10.1186/s12862-015-0535-6},
	url = {https://doi.org/10.1186%2Fs12862-015-0535-6},
	year = 2015,
	month = {nov},
	publisher = {Springer Nature},
	volume = {15},
	number = {1},
	author = {Flavio Monti and Olivier Duriez and V{\'{e}}ronique Arnal and Jean-Marie Dominici and Andrea Sforzi and Leonida Fusani and David Gr{\'{e}}millet and Claudine Montgelard},
	title = {Being cosmopolitan: evolutionary history and phylogeography of a specialized raptor, the Osprey Pandion haliaetus},
	journal = {{BMC} Evolutionary Biology}
}