@article{ID84966507712,
	doi = {10.1086/686322},
	url = {https://doi.org/10.1086%2F686322},
	year = 2016,
	month = {may},
	publisher = {University of Chicago Press},
	volume = {89},
	number = {3},
	pages = {251-261},
	author = {Steven J. Portugal and Jonathan A. Green and Lewis G. Halsey and Walter Arnold and Vincent Careau and Peter Dann and Peter B. Frappell and David Gr{\'{e}}millet and Yves Handrich and Graham R. Martin and Thomas Ruf and Magella M. Guillemette and Patrick J. Butler},
	title = {Associations between resting, activity, and daily metabolic rate in free-living endotherms: No universal rule in birds and mammals},
	journal = {Physiological and Biochemical Zoology}
}