@article{ID84996527528,
	doi = {10.1177/2053019616650466},
	url = {https://doi.org/10.1177%2F2053019616650466},
	year = 2016,
	month = {jul},
	publisher = {{SAGE} Publications},
	volume = {3},
	number = {3},
	pages = {174-187},
	author = {Christopher E Doughty and S{\o}ren Faurby and Adam Wolf and Yadvinder Malhi and Jens-Christian Svenning},
	title = {Changing NPP consumption patterns in the Holocene: From megafauna-‘liberated’ NPP to ‘ecological bankruptcy’},
	journal = {The Anthropocene Review}
}