@article{ID84955443969,
	doi = {10.1073/pnas.1502540113},
	url = {https://doi.org/10.1073%2Fpnas.1502540113},
	year = 2016,
	month = {jan},
	publisher = {Proceedings of the National Academy of Sciences},
	volume = {113},
	number = {4},
	pages = {838-846},
	author = {Yadvinder Malhi and Christopher E. Doughty and Mauro Galetti and Felisa A. Smith and Jens-Christian Svenning and John W. Terborgh},
	title = {Megafauna and ecosystem function from the Pleistocene to the Anthropocene},
	journal = {Proceedings of the National Academy of Sciences}
}