@article{ID84990810014,
	doi = {10.1111/j.1439-0310.1992.tb00843.x},
	url = {https://doi.org/10.1111%2Fj.1439-0310.1992.tb00843.x},
	year = 2010,
	month = {apr},
	publisher = {Wiley-Blackwell},
	volume = {90},
	number = {4},
	pages = {321-335},
	author = {Cecilia Kullberg and Anders Angerbjörn},
	title = {Social Behaviour and Cooperative Breeding in Arctic Foxes, Alopex lagopus (L.), in a Semi‐natural Environment},
	journal = {Ethology}
}