@article{ID84905158083,
	doi = {10.1007/s10709-014-9774-5},
	url = {https://doi.org/10.1007%2Fs10709-014-9774-5},
	year = 2014,
	month = {jun},
	publisher = {Springer Nature},
	volume = {142},
	number = {4},
	pages = {281-293},
	author = {Sarah J. Lehnert and Oliver P. Love and Trevor E. Pitcher and Dennis M. Higgs and Daniel D. Heath},
	title = {Multigenerational outbreeding effects in Chinook salmon (Oncorhynchus tshawytscha)},
	journal = {Genetica}
}