@article{ID84903641413,
	doi = {10.1890/13-0848.1},
	url = {https://doi.org/10.1890%2F13-0848.1},
	year = 2014,
	month = {may},
	publisher = {Wiley-Blackwell},
	volume = {95},
	number = {5},
	pages = {1153-1161},
	author = {Berlinda Bowler and Charles Krebs and Mark O{\textquotesingle}Donoghue and Jim Hone},
	title = {Climatic amplification of the numerical response of a predator population to its prey},
	journal = {Ecology}
}