@article{ID84958914018,
	doi = {10.1111/1365-2745.12510},
	url = {https://doi.org/10.1111%2F1365-2745.12510},
	year = 2015,
	month = {dec},
	publisher = {Wiley-Blackwell},
	volume = {104},
	number = {2},
	pages = {469-478},
	author = {Jian Zhang and Scott E. Nielsen and Lingfeng Mao and Shengbin Chen and Jens-Christian Svenning},
	editor = {Matt McGlone},
	title = {Regional and historical factors supplement current climate in shaping global forest canopy height},
	journal = {Journal of Ecology}
}