@article{ID84867682874,
	doi = {10.1007/s10584-012-0587-1},
	url = {https://doi.org/10.1007%2Fs10584-012-0587-1},
	year = 2012,
	month = {oct},
	publisher = {Springer Nature},
	volume = {115},
	number = {1},
	pages = {207-234},
	author = {Gregory H. R. Henry and Karen A. Harper and Wenjun Chen and Julie R. Deslippe and Robert F. Grant and Peter M. Lafleur and Esther L{\'{e}}vesque and Steven D. Siciliano and Suzanne W. Simard},
	title = {Effects of observed and experimental climate change on terrestrial ecosystems in northern Canada: Results from the Canadian IPY program},
	journal = {Climatic Change}
}