@incollection{ID84900675092,
	doi = {10.1007/978-90-481-2795-5_17},
	url = {https://doi.org/10.1007%2F978-90-481-2795-5_17},
	year = 2008,
	publisher = {Springer Netherlands},
	pages = {221-234},
	author = {Jens-Christian Svenning and Karen H. Baktoft and Henrik Balslev},
	title = {Land-use history affects understorey plant species distributions in a large temperate-forest complex, Denmark},
	booktitle = {Forest Ecology},
	journal = {Forest Ecology: Recent Advances in Plant Ecology}
}