@article{ID84881012236,
	doi = {10.1080/10549811.2013.780199},
	url = {https://doi.org/10.1080%2F10549811.2013.780199},
	year = 2013,
	month = {aug},
	publisher = {Informa {UK} Limited},
	volume = {32},
	number = {6},
	pages = {565-575},
	author = {David Beaune and Lo√Øc Bollache and Musuyu D. Muganza and Fran{\c{c}}ois Bretagnolle and Gottfried Hohmann and Barbara Fruth},
	title = {Artificial Germination Activation of Dialium corbisieri by Imitation of Ecological Process},
	journal = {Journal of Sustainable Forestry}
}