@article{ID84866336552,
	doi = {10.1007/s13280-011-0213-x},
	url = {https://doi.org/10.1007%2Fs13280-011-0213-x},
	year = 2011,
	month = {dec},
	publisher = {Springer Nature},
	volume = {40},
	number = {S1},
	pages = {32-45},
	author = {Terry V. Callaghan and Margareta Johansson and Ross D. Brown and Pavel Ya. Groisman and Niklas Labba and Vladimir Radionov and Raymond S. Bradley and Sylvie Blangy and Olga N. Bulygina and Torben R. Christensen and Jonathan E. Colman and Richard L. H. Essery and Bruce C. Forbes and Mads C. Forchhammer and Vladimir N. Golubev and Richard E. Honrath and Glenn P. Juday and Anna V. Meshcherskaya and Gareth K. Phoenix and John Pomeroy and Arja Rautio and David A. Robinson and Niels M. Schmidt and Mark C. Serreze and Vladimir P. Shevchenko and Alexander I. Shiklomanov and Andrey B. Shmakin and Peter Sk√∂ld and Matthew Sturm and Ming-ko Woo and Eric F. Wood},
	title = {Multiple effects of changes in arctic snow cover},
	journal = {{AMBIO}}
}