@article{ID84979032211,
	doi = {10.1111/brv.12111},
	url = {https://doi.org/10.1111%2Fbrv.12111},
	year = 2014,
	month = {may},
	publisher = {Wiley-Blackwell},
	volume = {90},
	number = {1},
	pages = {314-329},
	author = {Eric Meineri and Anne-Sophie Deville and David Gr{\'{e}}millet and Michel Gauthier-Clerc and Arnaud B{\'{e}}chet},
	title = {Combining correlative and mechanistic habitat suitability models to improve ecological compensation},
	journal = {Biological Reviews}
}