@article{ID84892673933,
	doi = {10.1111/j.1600-0706.2013.00631.x},
	url = {https://doi.org/10.1111%2Fj.1600-0706.2013.00631.x},
	year = 2013,
	month = {sep},
	publisher = {Wiley-Blackwell},
	volume = {123},
	number = {2},
	pages = {203-213},
	author = {Adeline Piot and Christian Nozais and Philippe Archambault},
	title = {Meiofauna affect the macrobenthic biodiversity-ecosystem functioning relationship},
	journal = {Oikos}
}