@article{ID84864400318,
	doi = {10.1088/1748-9326/7/3/035501},
	url = {https://doi.org/10.1088%2F1748-9326%2F7%2F3%2F035501},
	year = 2012,
	month = {jul},
	publisher = {{IOP} Publishing},
	volume = {7},
	number = {3},
	pages = {035501},
	author = {Beno{\^{\i}}t Tremblay and Esther L{\'{e}}vesque and St{\'{e}}phane Boudreau},
	title = {Recent expansion of erect shrubs in the Low Arctic: Evidence from Eastern Nunavik},
	journal = {Environmental Research Letters}
}