@article{ID84938365635,
	doi = {10.3390/su7078354},
	url = {https://doi.org/10.3390%2Fsu7078354},
	year = 2015,
	month = {jun},
	publisher = {{MDPI} {AG}},
	volume = {7},
	number = {7},
	pages = {8354-8373},
	author = {Fred Johnson and Mitchell Eaton and James Williams and Gitte Jensen and Jesper Madsen},
	title = {Training conservation practitioners to be better decision makers},
	journal = {Sustainability}
}