@article{ID84975511180,
	doi = {10.1080/11956860.2015.1107262},
	url = {https://doi.org/10.1080%2F11956860.2015.1107262},
	year = 2015,
	month = {oct},
	publisher = {Informa {UK} Limited},
	volume = {22},
	number = {2-4},
	pages = {83-95},
	author = {Pascale Ropars and Esther L{\'{e}}vesque and St{\'{e}}phane Boudreau},
	title = {Shrub Densification Heterogeneity in Subarctic Regions: The Relative Influence of Historical and Topographic Variables},
	journal = {{\'{E}}coscience}
}