@article{ID84860425590,
	doi = {10.1675/063.035.0110},
	url = {https://doi.org/10.1675%2F063.035.0110},
	year = 2012,
	month = {mar},
	publisher = {Waterbird Society},
	volume = {35},
	number = {1},
	pages = {96-105},
	author = {Cheri Gratto-Trevor and Paul A. Smith and R. I. Guy Morrison and Yves Aubry and Richard Cotter},
	title = {Population trends in Semipalmated Sandpipers from migration counts},
	journal = {Waterbirds}
}