@article{ID84919723236,
	doi = {10.1016/j.biocon.2014.12.001},
	url = {https://doi.org/10.1016%2Fj.biocon.2014.12.001},
	year = 2015,
	month = {feb},
	publisher = {Elsevier {BV}},
	volume = {182},
	pages = {143-147},
	author = {David Gremillet and Clara Peron and Pascal Provost and Amelie Lescroel},
	title = {Adult and juvenile European seabirds at risk from marine plundering off West Africa},
	journal = {Biological Conservation}
}