@article{ID84953234892,
	doi = {10.1016/j.tree.2015.12.004},
	url = {https://doi.org/10.1016%2Fj.tree.2015.12.004},
	year = 2016,
	month = {feb},
	publisher = {Elsevier {BV}},
	volume = {31},
	number = {2},
	pages = {85-87},
	author = {James A. Mills and C{\'{e}}line Teplitsky and Beatriz Arroyo and Anne Charmantier and Peter. H. Becker and Tim R. Birkhead and Pierre Bize and Daniel T. Blumstein and Christophe Bonenfant and Stan Boutin and Andrey Bushuev and Emmanuelle Cam and Andrew Cockburn and Steeve D. C{\^{o}}t{\'{e}} and John C. Coulson and Francis Daunt and Niels J. Dingemanse and Blandine Doligez and Hugh Drummond and Richard H. M. Espie and Marco Festa-Bianchet and Francesca D. Frentiu and John W. Fitzpatrick and Robert W. Furness and Gilles Gauthier and Peter R. Grant and Michael Griesser and Lars Gustafsson and Bengt Hansson and Michael P. Harris and Fr{\'{e}}d{\'{e}}ric Jiguet and Petter Kjellander and Erkki Korpimäki and Charles J. Krebs and Luc Lens and John D. C. Linnell and Matthew Low and Andrew McAdam and Antoni Margalida and Juha Merilä and Anders P. M{\o}ller and Shinichi Nakagawa and Jan-{\AA}ke Nilsson and Ian C. T. Nisbet and Arie J. van Noordwijk and Daniel Oro and Tomas Pärt and Fanie Pelletier and Jaime Potti and Benoit Pujol and Denis R{\'{e}}ale and Robert F. Rockwell and Yan Ropert-Coudert and Alexandre Roulin and Christophe Th{\'{e}}baud and James S. Sedinger and Jon E. Swenson and Marcel E. Visser and Sarah Wanless and David F. Westneat and Alastair J. Wilson and Andreas Zedrosser},
	title = {Solutions for Archiving Data in Long-Term Studies: A Reply to Whitlock et al.},
	journal = {Trends in Ecology {\&} Evolution}
}