@article{ID84890910060,
	doi = {10.1038/ncomms3975},
	url = {https://doi.org/10.1038%2Fncomms3975},
	year = 2013,
	month = {dec},
	publisher = {Springer Nature},
	volume = {4},
	author = {Michelle Greve and Belinda Reyers and Anne Mette Lykke and Jens-Christian Svenning},
	title = {Spatial optimization of carbon-stocking projects across Africa integrating stocking potential with co-benefits and feasibility},
	journal = {Nature Communications}
}