@article{ID84955456225,
	doi = {10.1073/pnas.1502556112},
	url = {https://doi.org/10.1073%2Fpnas.1502556112},
	year = 2015,
	month = {oct},
	publisher = {Proceedings of the National Academy of Sciences},
	volume = {113},
	number = {4},
	pages = {898-906},
	author = {Jens-Christian Svenning and Pil B. M. Pedersen and C. Josh Donlan and Rasmus Ejrn{\ae}s and S{\o}ren Faurby and Mauro Galetti and Dennis M. Hansen and Brody Sandel and Christopher J. Sandom and John W. Terborgh and Frans W. M. Vera},
	title = {Science for a wilder Anthropocene: Synthesis and future directions for trophic rewilding research},
	journal = {Proceedings of the National Academy of Sciences}
}