@article{ID84920264798,
	doi = {10.2981/wlb.00026},
	url = {https://doi.org/10.2981%2Fwlb.00026},
	year = 2015,
	month = {jan},
	publisher = {Wildlife Biology},
	volume = {21},
	number = {1},
	pages = {44-50},
	author = {Jennifer Stien and Rolf A. Ims},
	title = {Management decisions and knowledge gaps: Learning by doing in a case of a declining population of slavonian grebe Podiceps auritus},
	journal = {Wildlife Biology}
}