@article{ID84873384099,
	doi = {10.1017/s0031182012001552},
	url = {https://doi.org/10.1017%2Fs0031182012001552},
	year = 2012,
	month = {oct},
	publisher = {Cambridge University Press ({CUP})},
	volume = {140},
	number = {02},
	pages = {258-265},
	author = {C. LAGRUE and A. GÃœVENATAM and L. BOLLACHE},
	title = {Manipulative parasites may not alter intermediate host distribution but still enhance their transmission: Field evidence for increased vulnerability to definitive hosts and non-host predator avoidance},
	journal = {Parasitology}
}