@article{ID84879347235,
	doi = {10.1016/j.ecolmodel.2013.04.024},
	url = {https://doi.org/10.1016%2Fj.ecolmodel.2013.04.024},
	year = 2013,
	month = {aug},
	publisher = {Elsevier {BV}},
	volume = {263},
	pages = {174-186},
	author = {Stephen G. Perz and Rafael Mu{\~{n}}oz-Carpena and Gregory Kiker and Robert D. Holt},
	title = {Evaluating ecological resilience with global sensitivity and uncertainty analysis},
	journal = {Ecological Modelling}
}