@article{ID84879421336,
	doi = {10.1111/j.1600-0706.2012.20708.x},
	url = {https://doi.org/10.1111%2Fj.1600-0706.2012.20708.x},
	year = 2012,
	month = {dec},
	publisher = {Wiley-Blackwell},
	volume = {122},
	number = {7},
	pages = {1042-1048},
	author = {Laura Mckinnon and Dominique Berteaux and Gilles Gauthier and JoÃ«l B{\^{e}}ty},
	title = {Predator-mediated interactions between preferred, alternative and incidental prey in the arctic tundra},
	journal = {Oikos}
}