@article{ID84924085640,
	doi = {10.1111/ddi.12297},
	url = {https://doi.org/10.1111%2Fddi.12297},
	year = 2014,
	month = {dec},
	publisher = {Wiley-Blackwell},
	volume = {21},
	number = {4},
	pages = {477-486},
	author = {Konstans Wells and Robert B. O{\textquotesingle}Hara and Serge Morand and Jean-Philippe Lessard and Alexis Ribas},
	editor = {Jacqueline Beggs},
	title = {The importance of parasite geography and spillover effects for global patterns of host-parasite associations in two invasive species},
	journal = {Diversity and Distributions}
}