@article{ID84949843755,
	doi = {10.1111/ecog.01748},
	url = {https://doi.org/10.1111%2Fecog.01748},
	year = 2015,
	month = {dec},
	publisher = {Wiley-Blackwell},
	volume = {39},
	number = {10},
	pages = {981-989},
	author = {Sarah M. Gray and Timoth{\'{e}}e Poisot and Eric Harvey and Nicolas Mouquet and Thomas E. Miller and Dominique Gravel},
	title = {Temperature and trophic structure are driving microbial productivity along a biogeographical gradient},
	journal = {Ecography}
}