@article{ID84971597374,
	doi = {10.1111/oik.03207},
	url = {https://doi.org/10.1111%2Foik.03207},
	year = 2016,
	month = {apr},
	publisher = {Wiley-Blackwell},
	volume = {125},
	number = {11},
	pages = {1607-1616},
	author = {Eleanor M. Slade and Tomas Roslin},
	title = {Dung beetle species interactions and multifunctionality are affected by an experimentally warmed climate},
	journal = {Oikos}
}