@article{ID84857691480,
	doi = {10.1111/j.1558-5646.2011.01478.x},
	url = {https://doi.org/10.1111%2Fj.1558-5646.2011.01478.x},
	year = 2011,
	month = {oct},
	publisher = {Wiley-Blackwell},
	volume = {66},
	number = {3},
	pages = {882-889},
	author = {Agn{\`{e}}s Horn and Patrick Basset and Glenn Yannic and Agata Banaszek and Pavel M. Borodin and Nina S. Bulatova and Katarzyna Jadwiszczak and Ross M. Jones and Andrei V. Polyakov and Miroslaw Ratkiewicz and Jeremy B. Searle and Nikolai A. Shchipanov and Jan Zima and Jacques Hausser},
	title = {Chromosomal rearrangements do not seem to affect the gene flow in hybrid zones between karyotypic races of the common shrew (sorex araneus)},
	journal = {Evolution}
}