@article{ID84981502055,
	doi = {10.7717/peerj.2224},
	url = {https://doi.org/10.7717%2Fpeerj.2224},
	year = 2016,
	month = {jul},
	publisher = {{PeerJ}},
	volume = {4},
	pages = {e2224},
	author = {Rikke Reisner Hansen and Oskar Liset Pryds Hansen and Joseph J. Bowden and Urs A. Treier and Signe Normand and Toke H{\o}ye},
	title = {Meter scale variation in shrub dominance and soil moisture structure Arctic arthropod communities},
	journal = {{PeerJ}},
	number = {7}
}