@article{ID84867217832,
	doi = {10.1111/j.1365-2486.2012.02783.x},
	url = {https://doi.org/10.1111%2Fj.1365-2486.2012.02783.x},
	year = 2012,
	month = {aug},
	publisher = {Wiley-Blackwell},
	volume = {18},
	number = {11},
	pages = {3464-3475},
	author = {Isabelle Boulangeat and Pauline Philippe and Sylvain Abdulhak and Roland Douzet and Luc Garraud and S{\'{e}}bastien Lavergne and Sandra Lavorel and J{\'{e}}r{\'{e}}mie Van Es and Pascal Vittoz and Wilfried Thuiller},
	title = {Improving plant functional groups for dynamic models of biodiversity: At the crossroads between functional and community ecology},
	journal = {Global Change Biology}
}