@article{ID84875425341,
	doi = {10.4039/tce.2012.109},
	url = {https://doi.org/10.4039%2Ftce.2012.109},
	year = 2013,
	month = {jan},
	publisher = {Cambridge University Press ({CUP})},
	volume = {145},
	number = {02},
	pages = {184-192},
	author = {Tino Schott and Lauri Kapari and Snorre B. Hagen and Ole Petter L. Vindstad and Jane U. Jepsen and Rolf A. Ims},
	title = {Predator release from invertebrate generalists does not explain geometrid moth (Lepidoptera: Geometridae) outbreaks at high altitudes},
	journal = {The Canadian Entomologist}
}