@article{ID84953308136,
	doi = {10.1111/1365-2664.12604},
	url = {https://doi.org/10.1111%2F1365-2664.12604},
	year = 2016,
	month = {jan},
	publisher = {Wiley-Blackwell},
	volume = {53},
	number = {3},
	pages = {916-924},
	author = {Caroline Ernberg Simonsen and Jesper Madsen and Ingunn M Tombre and Jacob Nabe-Nielsen},
	editor = {Des Thompson},
	title = {Is it worthwhile scaring geese to alleviate damage to crops? â€“ An experimental study},
	journal = {Journal of Applied Ecology}
}