@article{ID84984919815,
	doi = {10.1002/ecs2.1432},
	url = {https://doi.org/10.1002%2Fecs2.1432},
	year = 2016,
	month = {aug},
	publisher = {Wiley-Blackwell},
	volume = {7},
	number = {8},
	pages = {e01432},
	author = {Marie-Andr{\'{e}}e Giroux and Christian Dussault and Jean-Pierre Tremblay and Steeve D. C{\^{o}}t{\'{e}}},
	title = {Winter severity modulates the benefits of using a habitat temporally uncoupled from browsing},
	journal = {Ecosphere}
}