@article{ID84862001728,
	doi = {10.1371/journal.pone.0037834},
	url = {https://doi.org/10.1371%2Fjournal.pone.0037834},
	year = 2012,
	month = {jun},
	publisher = {Public Library of Science ({PLoS})},
	volume = {7},
	number = {6},
	pages = {e37834},
	author = {David Gr{\'{e}}millet and Aur{\'{e}}lien Prudor and Yvon le Maho and Henri Weimerskirch},
	editor = {Hans-Ulrich Peter},
	title = {Vultures of the seas: Hyperacidic stomachs in wandering albatrosses as an adaptation to dispersed food resources, including fishery wastes},
	journal = {{PLoS} {ONE}}
}