@article{ID84871459386,
	doi = {10.1007/s00300-012-1235-y},
	url = {https://doi.org/10.1007%2Fs00300-012-1235-y},
	year = 2012,
	month = {sep},
	publisher = {Springer Nature},
	volume = {36},
	number = {1},
	pages = {27-39},
	author = {Karen Lone and Jon Aars and Rolf Anker Ims},
	title = {Site fidelity of Svalbard polar bears revealed by mark-recapture positions},
	journal = {Polar Biology}
}