@article{ID84900448180,
	doi = {10.1371/journal.pone.0085291},
	url = {https://doi.org/10.1371%2Fjournal.pone.0085291},
	year = 2014,
	month = {jan},
	publisher = {Public Library of Science ({PLoS})},
	volume = {9},
	number = {1},
	pages = {e85291},
	author = {Am{\'{e}}lie Lescroël and Grant Ballard and David Gr{\'{e}}millet and Matthieu Authier and David G. Ainley},
	editor = {S{\'{e}}bastien Descamps},
	title = {Antarctic climate change: Extreme events disrupt plastic phenotypic response in Adélie penguins},
	journal = {{PLoS} {ONE}}
}