@article{ID84921747599,
	doi = {10.1007/s00300-014-1574-y},
	url = {https://doi.org/10.1007%2Fs00300-014-1574-y},
	year = 2014,
	month = {sep},
	publisher = {Springer Nature},
	volume = {38},
	number = {2},
	pages = {153-162},
	author = {Helen B. Anderson and Jesper Madsen and Eva Fuglei and Gitte H. Jensen and Sarah J. Woodin and Ren{\'{e}} van der Wal},
	title = {The dilemma of where to nest: influence of spring snow cover, food proximity and predator abundance on reproductive success of an arctic-breeding migratory herbivore is dependent on nesting habitat choice},
	journal = {Polar Biology}
}