@article{ID84855906371,
	doi = {10.1111/j.1365-294x.2011.05410.x},
	url = {https://doi.org/10.1111%2Fj.1365-294x.2011.05410.x},
	year = 2011,
	month = {dec},
	publisher = {Wiley-Blackwell},
	volume = {21},
	number = {3},
	pages = {505-523},
	author = {JEAN-FRAN{\c{C}}OIS LE GALLIARD and ALICE R{\'{E}}MY and ROLF A. IMS and XAVIER LAMBIN},
	title = {Patterns and processes of dispersal behaviour in arvicoline rodents},
	journal = {Molecular Ecology}
}