@article{ID84930228228,
	doi = {10.1093/beheco/aru195},
	url = {https://doi.org/10.1093%2Fbeheco%2Faru195},
	year = 2014,
	month = {nov},
	publisher = {Oxford University Press ({OUP})},
	volume = {26},
	number = {2},
	pages = {359-366},
	author = {M. Galipaud and L. Bollache and A. Oughadou and F.-X. Dechaume-Moncharmont},
	title = {Males do not always switch females when presented with a better reproductive option},
	journal = {Behavioral Ecology}
}