@article{ID84920999959,
	doi = {10.1111/1749-4877.12090},
	url = {https://doi.org/10.1111%2F1749-4877.12090},
	year = 2014,
	month = {jun},
	publisher = {Wiley-Blackwell},
	volume = {9},
	number = {3},
	pages = {229-230},
	author = {Charles Krebs},
	title = {Rodent biology and management},
	journal = {Integrative Zoology}
}