@article{ID84877139682,
	doi = {10.1016/j.scitotenv.2013.04.027},
	url = {https://doi.org/10.1016%2Fj.scitotenv.2013.04.027},
	year = 2013,
	month = {aug},
	publisher = {Elsevier {BV}},
	volume = {458-460},
	pages = {101-106},
	author = {Jan O. Bustnes and B{\aa}rd-J. B{\aa}rdsen and Georg Bangjord and Syverin Lierhagen and Nigel G. Yoccoz},
	title = {Temporal trends (1986-2005) of essential and non-essential elements in a terrestrial raptor in northern Europe},
	journal = {Science of The Total Environment}
}