@article{ID84907553977,
	doi = {10.3354/ab00580},
	url = {https://doi.org/10.3354%2Fab00580},
	year = 2014,
	month = {sep},
	publisher = {Inter-Research Science Center},
	volume = {21},
	number = {3},
	pages = {167-181},
	author = {MA Blanchet and C Lydersen and RA Ims and AD Lowther and KM Kovacs},
	title = {Harbour seal Phoca vitulina movement patterns in the high-arctic archipelago of Svalbard, Norway},
	journal = {Aquatic Biology}
}