@article{ID84951570222,
	doi = {10.1007/s11258-015-0504-6},
	url = {https://doi.org/10.1007%2Fs11258-015-0504-6},
	year = 2015,
	month = {jul},
	publisher = {Springer Nature},
	volume = {216},
	number = {9},
	pages = {1231-1242},
	author = {Andrea Oddershede and Jens-Christian Svenning and Christian Damgaard},
	title = {Topographically determined water availability shapes functional patterns of plant communities within and across habitat types},
	journal = {Plant Ecology}
}