@article{ID84992751878,
	doi = {10.1111/jav.00824},
	url = {https://doi.org/10.1111%2Fjav.00824},
	year = 2016,
	month = {jun},
	publisher = {Wiley-Blackwell},
	volume = {47},
	number = {6},
	pages = {880-886},
	author = {Pierre Legagneux and Holly L. Hennin and H. Grant Gilchrist and Tony D. Williams and Oliver P. Love and JoÃ«l B{\^{e}}ty},
	title = {Unpredictable perturbation reduces breeding propensity regardless of pre-laying reproductive readiness in a partial capital breeder},
	journal = {Journal of Avian Biology}
}