@article{ID84961916336,
	doi = {10.1111/ibi.12338},
	url = {https://doi.org/10.1111%2Fibi.12338},
	year = 2015,
	month = {dec},
	publisher = {Wiley-Blackwell},
	volume = {158},
	number = {2},
	pages = {249-260},
	author = {Jennifer Stien and Rolf A. Ims},
	editor = {Richard Phillips},
	title = {Absence from the nest due to human disturbance induces higher nest predation risk than natural recesses in Common Eiders Somateria mollissima},
	journal = {Ibis}
}