@article{ID84885621591,
	doi = {10.1007/s00035-013-0117-4},
	url = {https://doi.org/10.1007%2Fs00035-013-0117-4},
	year = 2013,
	month = {sep},
	publisher = {Springer Nature},
	volume = {123},
	number = {2},
	pages = {41-53},
	author = {Bradley Z. Carlson and Christophe F. Randin and Isabelle Boulangeat and S{\'{e}}bastien Lavergne and Wilfried Thuiller and Philippe Choler},
	title = {Working toward integrated models of alpine plant distribution},
	journal = {Alpine Botany}
}