@article{ID84896706533,
	doi = {10.1016/j.ygcen.2014.01.001},
	url = {https://doi.org/10.1016%2Fj.ygcen.2014.01.001},
	year = 2014,
	month = {apr},
	publisher = {Elsevier {BV}},
	volume = {199},
	pages = {65-69},
	author = {Oliver P. Love and Christine L. Madliger and Sophie Bourgeon and Christina A. D. Semeniuk and Tony D. Williams},
	title = {Evidence for baseline glucocorticoids as mediators of reproductive investment in a wild bird},
	journal = {General and Comparative Endocrinology}
}