@article{ID84856111059,
	doi = {10.1016/j.ygcen.2011.11.041},
	url = {https://doi.org/10.1016%2Fj.ygcen.2011.11.041},
	year = 2012,
	month = {feb},
	publisher = {Elsevier {BV}},
	volume = {175},
	number = {3},
	pages = {449-456},
	author = {Ian A. E. Butts and Oliver P. Love and Michelle Farwell and Trevor E. Pitcher},
	title = {Primary and secondary sexual characters in alternative reproductive tactics of chinook salmon: Associations with androgens and the maturation-inducing steroid},
	journal = {General and Comparative Endocrinology}
}