@article{ID84867743833,
	doi = {10.1111/j.1469-7998.2012.00937.x},
	url = {https://doi.org/10.1111%2Fj.1469-7998.2012.00937.x},
	year = 2012,
	month = {jun},
	publisher = {Wiley-Blackwell},
	volume = {288},
	number = {3},
	pages = {170-176},
	author = {M. Sarasa and R. C. Soriguer and J. -E. Granados and N. Casajus and J. M. P{\'{e}}rez},
	editor = {Andrew Kitchener},
	title = {Mismeasure of secondary sexual traits: An example with horn growth in the Iberian ibex},
	journal = {Journal of Zoology}
}