@article{ID84883620743,
	doi = {10.1016/j.beproc.2013.08.009},
	url = {https://doi.org/10.1016%2Fj.beproc.2013.08.009},
	year = 2013,
	month = {nov},
	publisher = {Elsevier {BV}},
	volume = {100},
	pages = {103-109},
	author = {Marianne Haage and Ulrika A. Bergvall and Tiit Maran and Kairi Kiik and Anders Angerbj√∂rn},
	title = {Situation and context impacts the expression of personality: The influence of breeding season and test context},
	journal = {Behavioural Processes}
}