@article{ID84883324260,
	doi = {10.1111/2041-210x.12075},
	url = {https://doi.org/10.1111%2F2041-210x.12075},
	year = 2013,
	month = {jul},
	publisher = {Wiley-Blackwell},
	volume = {4},
	number = {9},
	pages = {802-810},
	author = {Matthieu Authier and Clara P{\'{e}}ron and Alain Mante and Patrick Vidal and David Gr{\'{e}}millet},
	editor = {Jarrod Hadfield},
	title = {Designing observational biologging studies to assess the causal effect of instrumentation},
	journal = {Methods in Ecology and Evolution}
}