@article{ID84996921140,
	doi = {10.1139/er-2016-0007},
	url = {https://doi.org/10.1139%2Fer-2016-0007},
	year = 2016,
	month = {dec},
	publisher = {Canadian Science Publishing},
	volume = {24},
	number = {4},
	pages = {393-402},
	author = {Scott A. Flemming and Anna Calvert and Erica Nol and Paul A. Smith},
	title = {Do hyperabundant Arctic-nesting geese pose a problem for sympatric species?},
	journal = {Environmental Reviews}
}