@article{ID84997229019,
	doi = {10.1038/nclimate3138},
	url = {https://doi.org/10.1038%2Fnclimate3138},
	year = 2016,
	month = {oct},
	publisher = {Springer Nature},
	volume = {6},
	number = {12},
	pages = {1120-1123},
	author = {Constantin M. Zohner and Blas M. Benito and Jens-Christian Svenning and Susanne S. Renner},
	title = {Day length unlikely to constrain climate-driven shifts in leaf-out times of northern woody plants},
	journal = {Nature Climate Change}
}