@article{ID84887587613,
	doi = {10.1016/j.biocon.2013.09.006},
	url = {https://doi.org/10.1016%2Fj.biocon.2013.09.006},
	year = 2013,
	month = {dec},
	publisher = {Elsevier {BV}},
	volume = {168},
	pages = {210-221},
	author = {Clara P{\'{e}}ron and David Gr{\'{e}}millet and Aur{\'{e}}lien Prudor and Emeline Pettex and Claire Saraux and Andrea Soriano-Redondo and Matthieu Authier and J{\'{e}}r{\^{o}}me Fort},
	title = {Importance of coastal Marine Protected Areas for the conservation of pelagic seabirds: The case of Vulnerable yelkouan shearwaters in the Mediterranean Sea},
	journal = {Biological Conservation}
}