@article{ID84889607613,
	doi = {10.1016/j.ecolmodel.2013.10.031},
	url = {https://doi.org/10.1016%2Fj.ecolmodel.2013.10.031},
	year = 2014,
	month = {feb},
	publisher = {Elsevier {BV}},
	volume = {273},
	pages = {186-199},
	author = {Fred A. Johnson and Gitte H. Jensen and Jesper Madsen and Byron K. Williams},
	title = {Uncertainty, robustness, and the value of information in managing an expanding Arctic goose population},
	journal = {Ecological Modelling}
}