@article{ID84887254442,
	doi = {10.1111/ddi.12109},
	url = {https://doi.org/10.1111%2Fddi.12109},
	year = 2013,
	month = {jun},
	publisher = {Wiley-Blackwell},
	volume = {19},
	number = {12},
	pages = {1496-1505},
	author = {Lo√Øc Pellissier and Hans Meltofte and Jannik Hansen and Niels M. Schmidt and Mikkel P. Tamstorf and Luigi Maiorano and Peter Aastrup and Jeppe Olsen and Antoine Guisan and Mary S. Wisz},
	editor = {Jonathan Jeschke},
	title = {Suitability, success and sinks: How do predictions of nesting distributions relate to fitness parameters in high arctic waders?},
	journal = {Diversity and Distributions}
}