@article{ID84871922008,
	doi = {10.1126/science.1228282},
	url = {https://doi.org/10.1126%2Fscience.1228282},
	year = 2012,
	month = {dec},
	publisher = {American Association for the Advancement of Science ({AAAS})},
	volume = {339},
	number = {6115},
	pages = {74-78},
	author = {B. G. Holt and J.-P. Lessard and M. K. Borregaard and S. A. Fritz and M. B. Araujo and D. Dimitrov and P.-H. Fabre and C. H. Graham and G. R. Graves and K. A. Jonsson and D. Nogues-Bravo and Z. Wang and R. J. Whittaker and J. Fjeldsa and C. Rahbek},
	title = {An update of Wallace's zoogeographic regions of the world},
	journal = {Science}
}