@article{ID84859992669,
	doi = {10.1111/j.1469-7998.2011.00888.x},
	url = {https://doi.org/10.1111%2Fj.1469-7998.2011.00888.x},
	year = 2012,
	month = {feb},
	publisher = {Wiley-Blackwell},
	volume = {287},
	number = {1},
	pages = {65-75},
	author = {M. J. Sheriff and H. Wheeler and S. A. Donker and C. J. Krebs and R. Palme and D. S. Hik and R. Boonstra},
	editor = {Nigel Bennett},
	title = {Mountain-top and valley-bottom experiences: The stress axis as an integrator of environmental variability in arctic ground squirrel populations},
	journal = {Journal of Zoology}
}