@article{ID84953807167,
	doi = {10.1111/ibi.12341},
	url = {https://doi.org/10.1111%2Fibi.12341},
	year = 2016,
	month = {jan},
	publisher = {Wiley-Blackwell},
	volume = {158},
	number = {2},
	pages = {343-352},
	author = {Jocelyn Champagnon and Pierre Legagneux and Guillaume Souchay and Pablo Inchausti and Vincent Bretagnolle and Fran{\c{c}}ois Bourguemestre and Laura Van Ingen and Matthieu Guillemain},
	editor = {Tony Fox},
	title = {Robust estimation of survival and contribution of captive-bred Mallards Anas platyrhynchos to a wild population in a large-scale release programme},
	journal = {Ibis}
}