@article{ID84870884584,
	doi = {10.1111/ele.12014},
	url = {https://doi.org/10.1111%2Fele.12014},
	year = 2012,
	month = {oct},
	publisher = {Wiley-Blackwell},
	volume = {16},
	number = {1},
	pages = {1-8},
	author = {Nicolas Mouquet and Dominique Gravel and Fran{\c{c}}ois Massol and Vincent Calcagno},
	editor = {Bernd Blasius},
	title = {Extending the concept of keystone species to communities and ecosystems},
	journal = {Ecology Letters}
}