@article{ID84931562434,
	doi = {10.1007/s00442-015-3240-7},
	url = {https://doi.org/10.1007%2Fs00442-015-3240-7},
	year = 2015,
	month = {feb},
	publisher = {Springer Nature},
	volume = {178},
	number = {3},
	pages = {915-929},
	author = {H. C. Wheeler and J. D. Chipperfield and C. Roland and J.-C. Svenning},
	title = {How will the greening of the Arctic affect an important prey species and disturbance agent? Vegetation effects on arctic ground squirrels},
	journal = {Oecologia}
}