@article{ID84939250106,
	doi = {10.1111/ecog.01347},
	url = {https://doi.org/10.1111%2Fecog.01347},
	year = 2014,
	month = {sep},
	publisher = {Wiley-Blackwell},
	pages = {n/a-n/a},
	author = {Jens-Christian Svenning},
	title = {New spatial and temporal perspectives on the assembly of biotas and communities. Special issue: International Biogeography Society, 6th biennial International Conference},
	journal = {Ecography},
	volume = {37},
	number = {11}
}