@article{ID84871887429,
	doi = {10.1016/j.foreco.2012.10.046},
	url = {https://doi.org/10.1016%2Fj.foreco.2012.10.046},
	year = 2013,
	month = {mar},
	publisher = {Elsevier {BV}},
	volume = {291},
	pages = {20-29},
	author = {Dominic Chambers and Catherine P{\'{e}}ri{\'{e}} and Nicolas Casajus and Sylvie de Blois},
	title = {Challenges in modelling the abundance of 105 tree species in eastern North America using climate, edaphic, and topographic variables},
	journal = {Forest Ecology and Management}
}