@article{ID84940376074,
	doi = {10.7717/peerj.1125},
	url = {https://doi.org/10.7717%2Fpeerj.1125},
	year = 2015,
	month = {aug},
	publisher = {{PeerJ}},
	volume = {3},
	pages = {e1125},
	author = {Kirsten Grond and Yaa Ntiamoa-Baidu and Theunis Piersma and Jeroen Reneerkens},
	title = {Prey type and foraging ecology of Sanderlings Calidris alba in different climate zones: Are tropical areas more favourable than temperate sites?},
	journal = {{PeerJ}},
	number = {8}
}