@article{ID84858003871,
	doi = {10.1007/s00442-011-2167-x},
	url = {https://doi.org/10.1007%2Fs00442-011-2167-x},
	year = 2011,
	month = {oct},
	publisher = {Springer Nature},
	volume = {168},
	number = {4},
	pages = {935-946},
	author = {Donald G. Reid and Fr{\'{e}}d{\'{e}}ric Bilodeau and Charles J. Krebs and Gilles Gauthier and Alice J. Kenney and B. Scott Gilbert and Maria C.-Y. Leung and David Duchesne and Elizabeth Hofer},
	title = {Lemming winter habitat choice: A snow-fencing experiment},
	journal = {Oecologia}
}