@article{ID84893960255,
	doi = {10.1111/2041-210x.12145},
	url = {https://doi.org/10.1111%2F2041-210x.12145},
	year = 2014,
	month = {jan},
	publisher = {Wiley-Blackwell},
	volume = {5},
	number = {2},
	pages = {146-155},
	author = {Emmanuel Milot and Alan A. Cohen and Fran{\c{c}}ois V{\'{e}}zina and Deborah M. Buehler and Kevin D. Matson and Theunis Piersma},
	editor = {Robert Freckleton},
	title = {A novel integrative method for measuring body condition in ecological studies based on physiological dysregulation},
	journal = {Methods in Ecology and Evolution}
}