@article{ID84983744518,
	volume={85},
	ISSN={0028-0651},
	url={http://doi.org/10.17433/5.2010.50153021.199-205},
	DOI={10.17433/5.2010.50153021.199-205},
	number={5},
	journal={Natur und Landschaft},
	publisher={W.Kohlhammer GmbH},
	author={Sabine Schellberg and Benoît Sittler and Steffen Hering and Peter Wattendorf and Werner Konold},
	year={2010},
	month={May},
	pages={199–205},
	title = {Airborne laser scanning in cultural landscape research},
	doi = {10.17433/5.2010.50153021.199-205}
}