@article{ID84860626001,
	doi = {10.1111/j.1472-4642.2011.00864.x},
	url = {https://doi.org/10.1111%2Fj.1472-4642.2011.00864.x},
	year = 2011,
	month = {nov},
	publisher = {Wiley-Blackwell},
	volume = {18},
	number = {6},
	pages = {530-542},
	author = {Morten Frederiksen and B{\o}rge Moe and Francis Daunt and Richard A. Phillips and Robert T. Barrett and Maria I. Bogdanova and Thierry Boulinier and John W. Chardine and Olivier Chastel and Lorraine S. Chivers and Signe Christensen-Dalsgaard and C{\'{e}}line Cl{\'{e}}ment-Chastel and Kendrew Colhoun and Robin Freeman and Anthony J. Gaston and Jacob Gonz{\'{a}}lez-Sol{\'{\i}}s and Aur{\'{e}}lie Goutte and David Gr{\'{e}}millet and Tim Guilford and Gitte H. Jensen and Yuri Krasnov and Svein-H{\aa}kon Lorentsen and Mark L. Mallory and Mark Newell and Bergur Olsen and Deryk Shaw and Harald Steen and Hallvard Str{\o}m and Geir H. Systad and Thorkell L. Th{\'{o}}rarinsson and Tycho Anker-Nilssen},
	title = {Multicolony tracking reveals the winter distribution of a pelagic seabird on an ocean basin scale},
	journal = {Diversity and Distributions}
}