@article{ID84874503350,
	doi = {10.1016/j.biocon.2013.01.011},
	url = {https://doi.org/10.1016%2Fj.biocon.2013.01.011},
	year = 2013,
	month = {apr},
	publisher = {Elsevier {BV}},
	volume = {160},
	pages = {114-120},
	author = {S. Hamel and S. T. Killengreen and J.-A. Henden and N. G. Yoccoz and R. A. Ims},
	title = {Disentangling the importance of interspecific competition, Food availability, And habitat in species occupancy: Recolonization of the endangered Fennoscandian arctic fox},
	journal = {Biological Conservation}
}