@article{ID84946781339,
	doi = {10.1111/gcb.13062},
	url = {https://doi.org/10.1111%2Fgcb.13062},
	year = 2015,
	month = {nov},
	publisher = {Wiley-Blackwell},
	volume = {21},
	number = {12},
	pages = {4449-4463},
	author = {Thomas A. Davidson and Joachim Audet and Jens-Christian Svenning and Torben L. Lauridsen and Martin S{\o}ndergaard and Frank Landkildehus and S{\o}ren E. Larsen and Erik Jeppesen},
	title = {Eutrophication effects on greenhouse gas fluxes from shallow-lake mesocosms override those of climate warming},
	journal = {Global Change Biology}
}