@article{ID84955370946,
	doi = {10.1007/s10980-015-0312-3},
	url = {https://doi.org/10.1007%2Fs10980-015-0312-3},
	year = 2015,
	month = {nov},
	publisher = {Springer Nature},
	volume = {31},
	number = {2},
	pages = {219-227},
	author = {Maxwell C. Wilson and Xiao-Yong Chen and Richard T. Corlett and Raphael K. Didham and Ping Ding and Robert D. Holt and Marcel Holyoak and Guang Hu and Alice C. Hughes and Lin Jiang and William F. Laurance and Jiajia Liu and Stuart L. Pimm and Scott K. Robinson and Sabrina E. Russo and Xingfeng Si and David S. Wilcove and Jianguo Wu and Mingjian Yu},
	title = {Habitat fragmentation and biodiversity conservation: key findings and future challenges},
	journal = {Landscape Ecology}
}