@article{ID84977103396,
	doi = {10.1111/jbi.12759},
	url = {https://doi.org/10.1111%2Fjbi.12759},
	year = 2016,
	month = {jun},
	publisher = {Wiley-Blackwell},
	volume = {43},
	number = {9},
	pages = {1786-1796},
	author = {Hans Ahlgren and Karin Nor{\'{e}}n and Anders Angerbj√∂rn and Kerstin Lid{\'{e}}n},
	title = {Multiple prehistoric introductions of the mountain hare (Lepus timidus) on a remote island, as revealed by ancient DNA},
	journal = {Journal of Biogeography}
}