@article{ID84892504267,
	doi = {10.1111/1365-2664.12183},
	url = {https://doi.org/10.1111%2F1365-2664.12183},
	year = 2013,
	month = {dec},
	publisher = {Wiley-Blackwell},
	volume = {51},
	number = {1},
	pages = {183-193},
	author = {Jesper Madsen and Rune S. Tj{\o}rnl{\o}v and Morten Frederiksen and Carl Mitchell and Arn{\'{o}}r Th. Sigf{\'{u}}sson},
	editor = {Tomas PÃ¤rt},
	title = {Connectivity between flyway populations of waterbirds: Assessment of rates of exchange, their causes and consequences},
	journal = {Journal of Applied Ecology}
}