@article{ID84996132604,
	doi = {10.1051/nss/2013057},
	url = {https://doi.org/10.1051%2Fnss%2F2013057},
	year = 2012,
	month = {oct},
	publisher = {{EDP} Sciences},
	volume = {20},
	number = {4},
	pages = {464-465},
	author = {Nigel Gilles Yoccoz},
	title = {⪡ Dans la recherche contemporaine, il n’y a plus d’évidence ⪢ (Legay, 2006<sup>1</sup>)},
	journal = {Natures Sciences Soci{\'{e}}t{\'{e}}s}
}