@article{ID84863995416,
	doi = {10.1111/j.1600-048x.2012.05666.x},
	url = {https://doi.org/10.1111%2Fj.1600-048x.2012.05666.x},
	year = 2012,
	month = {jun},
	publisher = {Wiley-Blackwell},
	volume = {43},
	number = {4},
	pages = {355-361},
	author = {Pierre Legagneux and Robert G. Clark and Matthieu Guillemain and Cyril Eraud and Marc Th{\'{e}}ry and Vincent Bretagnolle},
	title = {Large-scale geographic variation in iridescent structural ornaments of a long-distance migratory bird},
	journal = {Journal of Avian Biology}
}