@article{ID84936967036,
	doi = {10.1111/ecog.01659},
	url = {https://doi.org/10.1111%2Fecog.01659},
	year = 2015,
	month = {jul},
	publisher = {Wiley-Blackwell},
	volume = {39},
	number = {5},
	pages = {496-505},
	author = {S{\'{e}}bastien Descamps and Arnaud Tarroux and Svein-H{\aa}kon Lorentsen and Oliver P. Love and {\O}ystein Varpe and Nigel G. Yoccoz},
	title = {Large-scale oceanographic fluctuations drive Antarctic petrel survival and reproduction},
	journal = {Ecography}
}