@article{ID84891489937,
	doi = {10.1111/ele.12216},
	url = {https://doi.org/10.1111%2Fele.12216},
	year = 2013,
	month = {dec},
	publisher = {Wiley-Blackwell},
	volume = {17},
	number = {2},
	pages = {127-136},
	author = {Robert E. Ulanowicz and Robert D. Holt and Michael Barfield},
	editor = {Kevin Gross},
	title = {Limits on ecosystem trophic complexity: Insights from ecological network analysis},
	journal = {Ecology Letters}
}