@article{ID84864017155,
	doi = {10.1111/j.1420-9101.2012.02543.x},
	url = {https://doi.org/10.1111%2Fj.1420-9101.2012.02543.x},
	year = 2012,
	month = {jun},
	publisher = {Wiley-Blackwell},
	volume = {25},
	number = {8},
	pages = {1600-1613},
	author = {D. M. BUEHLER and F. V{\'{E}}ZINA and W. GOYMANN and I. SCHWABL and M. VERSTEEGH and B. I. TIELEMAN and T. PIERSMA},
	title = {Independence among physiological traits suggests flexibility in the face of ecological demands on phenotypes},
	journal = {Journal of Evolutionary Biology}
}