@article{ID84983284935,
	doi = {10.1098/rsbl.2016.0024},
	url = {https://doi.org/10.1098%2Frsbl.2016.0024},
	year = 2016,
	month = {aug},
	publisher = {The Royal Society},
	volume = {12},
	number = {8},
	pages = {20160024},
	author = {W. James Grecian and Matthew J. Witt and Martin J. Attrill and Stuart Bearhop and Peter H. Becker and Carsten Egevang and Robert W. Furness and Brendan J. Godley and Jacob Gonz{\'{a}}lez-Sol{\'{\i}}s and David Gr{\'{e}}millet and Matthias Kopp and Am{\'{e}}lie LescroÃ«l and Jason Matthiopoulos and Samantha C. Patrick and Hans-Ulrich Peter and Richard A. Phillips and Iain J. Stenhouse and Stephen C. Votier},
	title = {Seabird diversity hotspot linked to ocean productivity in the Canary Current Large Marine Ecosystem},
	journal = {Biology Letters}
}