@article{ID84871915889,
	doi = {10.1002/ece3.217},
	url = {https://doi.org/10.1002%2Fece3.217},
	year = 2012,
	month = {mar},
	publisher = {Wiley-Blackwell},
	volume = {2},
	number = {4},
	pages = {751-767},
	author = {Samuel M. Scheiner and Robert D. Holt},
	title = {The genetics of phenotypic plasticity. X. Variation versus uncertainty},
	journal = {Ecology and Evolution}
}