@article{ID84867662409,
	doi = {10.1007/s10021-012-9569-4},
	url = {https://doi.org/10.1007%2Fs10021-012-9569-4},
	year = 2012,
	month = {jul},
	publisher = {Springer Nature},
	volume = {15},
	number = {7},
	pages = {1083-1092},
	author = {Casper Tai Christiansen and Niels Martin Schmidt and Anders Michelsen},
	title = {High Arctic Dry Heath CO <inf>2</inf> Exchange During the Early Cold Season},
	journal = {Ecosystems}
}