@article{ID84894249923,
	doi = {10.1111/1365-2656.12140},
	url = {https://doi.org/10.1111%2F1365-2656.12140},
	year = 2013,
	month = {oct},
	publisher = {Wiley-Blackwell},
	volume = {83},
	number = {2},
	pages = {375-387},
	author = {Fr{\'{e}}d{\'{e}}ric Barraquand and Toke T. H{\o}ye and John-Andr{\'{e}} Henden and Nigel G. Yoccoz and Olivier Gilg and Niels M. Schmidt and Beno{\^{\i}}t Sittler and Rolf A. Ims},
	editor = {Martijn van de Pol},
	title = {Demographic responses of a site-faithful and territorial predator to its fluctuating prey: Long-tailed skuas and arctic lemmings},
	journal = {Journal of Animal Ecology}
}