@article{ID84874244432,
	doi = {10.1371/journal.pone.0056462},
	url = {https://doi.org/10.1371%2Fjournal.pone.0056462},
	year = 2013,
	month = {feb},
	publisher = {Public Library of Science ({PLoS})},
	volume = {8},
	number = {2},
	pages = {e56462},
	author = {Petter Glorvigen and Harry P. Andreassen and Rolf A. Ims},
	editor = {Brock Fenton},
	title = {Local and Regional Determinants of Colonisation-Extinction Dynamics of a Riparian Mainland-Island Root Vole Metapopulation},
	journal = {{PLoS} {ONE}}
}