@article{ID84995938218,
	doi = {10.1016/j.baae.2016.09.002},
	url = {https://doi.org/10.1016%2Fj.baae.2016.09.002},
	year = 2017,
	month = {feb},
	publisher = {Elsevier {BV}},
	volume = {18},
	pages = {86-94},
	author = {Ane Kirstine Brunbjerg and Hans Henrik Bruun and Jesper Erenskjold Moeslund and Jonathan P. Sadler and Jens-Christian Svenning and Rasmus Ejrn{\ae}s},
	title = {Ecospace: A unified framework for understanding variation in terrestrial biodiversity},
	journal = {Basic and Applied Ecology}
}