@article{ID84898836287,
	doi = {10.1007/s00265-014-1685-z},
	url = {https://doi.org/10.1007%2Fs00265-014-1685-z},
	year = 2014,
	month = {feb},
	publisher = {Springer Nature},
	volume = {68},
	number = {5},
	pages = {721-732},
	author = {Anne-Mathilde Thierry and Sophie Brajon and Marion Sp{\'{e}}e and Thierry Raclot},
	title = {Differential effects of increased corticosterone on behavior at the nest and reproductive output of chick-rearing Ad√©lie penguins},
	journal = {Behavioral Ecology and Sociobiology}
}