@article{ID84896446961,
	doi = {10.2111/rem-d-13-00112.1},
	url = {https://doi.org/10.2111%2Frem-d-13-00112.1},
	year = 2014,
	month = {mar},
	publisher = {Elsevier {BV}},
	volume = {67},
	number = {2},
	pages = {154-159},
	author = {Pierre-Olivier Jean and Robert L. Bradley and Marie-Andr{\'{e}}e Giroux and Jean-Pierre Tremblay and Steeve D. C{\^{o}}t{\'{e}}},
	title = {Near infrared spectroscopy and fecal chemistry as predictors of the diet composition of white-tailed deer},
	journal = {Rangeland Ecology {\&} Management}
}