@article{ID84882303477,
	doi = {10.1525/auk.2013.12206},
	url = {https://doi.org/10.1525%2Fauk.2013.12206},
	year = 2013,
	month = {jul},
	publisher = {University of California Press},
	volume = {130},
	number = {3},
	pages = {429-439},
	author = {Zachary T. Lounsberry and Juliana B. Almeida and Tony Grace and Richard B. Lanctot and Joe Liebezeit and Brett K. Sandercock and Khara M. Strum and Steve Zack and Samantha M. Wisely},
	title = {Range-wide conservation genetics of Buff-breasted Sandpipers (Tryngites subruficollis)},
	journal = {The Auk}
}