@article{ID84941171690,
	doi = {10.1002/ece3.1647},
	url = {https://doi.org/10.1002%2Fece3.1647},
	year = 2015,
	month = {aug},
	publisher = {Wiley-Blackwell},
	volume = {5},
	number = {17},
	pages = {3842-3856},
	author = {Helena K. Wirta and Eero J. Vesterinen and Peter A. Hamb√§ck and Elisabeth Weingartner and Claus Rasmussen and Jeroen Reneerkens and Niels M. Schmidt and Olivier Gilg and Tomas Roslin},
	title = {Exposing the structure of an Arctic food web},
	journal = {Ecology and Evolution}
}