@article{ID84927798833,
	doi = {10.1111/oik.01468},
	url = {https://doi.org/10.1111%2Foik.01468},
	year = 2014,
	month = {aug},
	publisher = {Wiley-Blackwell},
	volume = {123},
	number = {10},
	pages = {1234-1243},
	author = {Fabrizio Sergio and Oswald J. Schmitz and Charles J. Krebs and Robert D. Holt and Michael R. Heithaus and Aaron J. Wirsing and William J. Ripple and Euan Ritchie and David Ainley and Daniel Oro and Yadvendradev Jhala and Fernando Hiraldo and Erkki Korpim√§ki},
	title = {Towards a cohesive, holistic view of top predation: A definition, synthesis and perspective},
	journal = {Oikos}
}