@article{ID84872691388,
	doi = {10.3354/meps10053},
	url = {https://doi.org/10.3354%2Fmeps10053},
	year = 2013,
	month = {jan},
	publisher = {Inter-Research Science Center},
	volume = {472},
	pages = {287-303},
	author = {LA McFarlane Tranquilla and WA Montevecchi and A Hedd and DA Fifield and CM Burke and PA Smith and PM Regular and GJ Robertson and AJ Gaston and RA Phillips},
	title = {Multiple-colony winter habitat use by murres uria spp. in the northwest atlantic ocean: Implications for marine risk assessment},
	journal = {Marine Ecology Progress Series}
}