@article{ID84955471237,
	doi = {10.1073/pnas.1502545112},
	url = {https://doi.org/10.1073%2Fpnas.1502545112},
	year = 2015,
	month = {oct},
	publisher = {Proceedings of the National Academy of Sciences},
	volume = {113},
	number = {4},
	pages = {847-855},
	author = {Elisabeth S. Bakker and Jacquelyn L. Gill and Christopher N. Johnson and Frans W. M. Vera and Christopher J. Sandom and Gregory P. Asner and Jens-Christian Svenning},
	title = {Combining paleo-data and modern exclosure experiments to assess the impact of megafauna extinctions on woody vegetation},
	journal = {Proceedings of the National Academy of Sciences}
}