@article{ID84860824782,
	doi = {10.1073/pnas.1120467109},
	url = {https://doi.org/10.1073%2Fpnas.1120467109},
	year = 2012,
	month = {apr},
	publisher = {Proceedings of the National Academy of Sciences},
	volume = {109},
	number = {19},
	pages = {7379-7384},
	author = {W. D. Kissling and W. L. Eiserhardt and W. J. Baker and F. Borchsenius and T. L. P. Couvreur and H. Balslev and J.-C. Svenning},
	title = {Cenozoic imprints on the phylogenetic structure of palm species assemblages worldwide},
	journal = {Proceedings of the National Academy of Sciences}
}