@article{ID84929619567,
	doi = {10.1111/1749-4877.12130},
	url = {https://doi.org/10.1111%2F1749-4877.12130},
	year = 2015,
	month = {may},
	publisher = {Wiley-Blackwell},
	volume = {10},
	number = {3},
	pages = {233-240},
	author = {Charles J. KREBS},
	title = {One hundred years of population ecology: Successes, failures and the road ahead},
	journal = {Integrative Zoology}
}