@article{ID84864712090,
	doi = {10.1186/1756-3305-5-166},
	url = {https://doi.org/10.1186%2F1756-3305-5-166},
	year = 2012,
	publisher = {Springer Nature},
	volume = {5},
	number = {1},
	pages = {166},
	author = {Lucile Dianne and Lo√Øc Bollache and Cl{\'{e}}ment Lagrue and Nathalie Franceschi and Thierry Rigaud},
	title = {Larval size in acanthocephalan parasites: Influence of intraspecific competition and effects on intermediate host behavioural changes},
	journal = {Parasites {\&} Vectors}
}