@incollection{ID84902228465,
	doi = {10.1016/b978-012323448-3/50015-5},
	url = {https://doi.org/10.1016%2Fb978-012323448-3%2F50015-5},
	year = 2004,
	publisher = {Elsevier},
	pages = {307-335},
	author = {Jean Clobert and Rolf Anker Ims and Fran{\c{c}}ois Rousset},
	title = {Causes, Mechanisms and Consequences of Dispersal},
	booktitle = {Ecology, Genetics and Evolution of Metapopulations},
	journal = {Ecology, Genetics and Evolution of Metapopulations}
}