@article{ID84892930782,
	doi = {10.1016/j.scitotenv.2013.12.102},
	url = {https://doi.org/10.1016%2Fj.scitotenv.2013.12.102},
	year = 2014,
	month = {apr},
	publisher = {Elsevier {BV}},
	volume = {476-477},
	pages = {73-78},
	author = {Mark L. Mallory and Birgit M. Braune and Gregory J. Robertson and H. Grant Gilchrist and Conor D. Mallory and Mark R. Forbes and Regina Wells},
	title = {Increasing cadmium and zinc levels in wild common eiders breeding along canada's remote northern coastline},
	journal = {Science of The Total Environment}
}