@article{ID84973392467,
	doi = {10.14430/arctic4559},
	url = {https://doi.org/10.14430%2Farctic4559},
	year = 2016,
	month = {jun},
	publisher = {The Arctic Institute of North America},
	volume = {69},
	number = {2},
	pages = {121},
	author = {Aleksandr A. Sokolov and Natalya A. Sokolova and Rolf A. Ims and Ludovic Brucker and Dorothee Ehrich},
	title = {Emergent rainy winter warm spells may promote boreal predator expansion into the arctic},
	journal = {{ARCTIC}}
}