@article{ID84981528221,
	doi = {10.1371/journal.pone.0152495},
	url = {https://doi.org/10.1371%2Fjournal.pone.0152495},
	year = 2016,
	month = {mar},
	publisher = {Public Library of Science ({PLoS})},
	volume = {11},
	number = {3},
	pages = {e0152495},
	author = {Nicolas Casajus and Catherine P{\'{e}}ri{\'{e}} and Travis Logan and Marie-Claude Lambert and Sylvie de Blois and Dominique Berteaux},
	editor = {Maura (Gee) Geraldine Chapman},
	title = {An Objective Approach to Select Climate Scenarios when Projecting Species Distribution under Climate Change},
	journal = {{PLOS} {ONE}}
}