@article{ID84966774759,
	doi = {10.1086/686268},
	url = {https://doi.org/10.1086%2F686268},
	year = 2016,
	month = {jun},
	publisher = {University of Chicago Press},
	volume = {187},
	number = {6},
	pages = {812-820},
	author = {S{\o}ren Faurby and Jens-Christian Svenning},
	title = {Resurrection of the island rule: Human-driven extinctions have obscured a basic evolutionary pattern},
	journal = {The American Naturalist}
}