@article{ID84887181705,
	doi = {10.1111/2041-210x.12103},
	url = {https://doi.org/10.1111%2F2041-210x.12103},
	year = 2013,
	month = {sep},
	publisher = {Wiley-Blackwell},
	volume = {4},
	number = {11},
	pages = {1083-1090},
	author = {Dominique Gravel and Timoth{\'{e}}e Poisot and Camille Albouy and Laure Velez and David Mouillot},
	editor = {Robert Freckleton},
	title = {Inferring food web structure from predator-prey body size relationships},
	journal = {Methods in Ecology and Evolution}
}