@article{ID84984692555,
	doi = {10.2981/wlb.00161},
	url = {https://doi.org/10.2981%2Fwlb.00161},
	year = 2016,
	month = {sep},
	publisher = {Wildlife Biology},
	volume = {22},
	number = {5},
	pages = {183-193},
	author = {Gitte H{\o}j Jensen and Ingunn M. Tombre and Jesper Madsen},
	title = {Environmental factors affecting numbers of pink-footed geese Anser brachyrhynchus utilising an autumn stopover site},
	journal = {Wildlife Biology}
}