@article{ID84960441693,
	doi = {10.1038/srep22683},
	url = {https://doi.org/10.1038%2Fsrep22683},
	year = 2016,
	month = {mar},
	publisher = {Springer Nature},
	volume = {6},
	number = {1},
	author = {Eleanor M. Slade and Terhi Riutta and Tomas Roslin and Hanna L. Tuomisto},
	title = {Erratum: The role of dung beetles in reducing greenhouse gas emissions from cattle farming (Scientific Reports (2016) 6:18140 DOI: 10.1038/srep18140)},
	journal = {Scientific Reports}
}