@article{ID84920848013,
	doi = {10.1371/journal.pone.0112021},
	url = {https://doi.org/10.1371%2Fjournal.pone.0112021},
	year = 2015,
	month = {jan},
	publisher = {Public Library of Science ({PLoS})},
	volume = {10},
	number = {1},
	pages = {e112021},
	author = {Elizabeth Peacock and Sarah A. Sonsthagen and Martyn E. Obbard and Andrei Boltunov and Eric V. Regehr and Nikita Ovsyanikov and Jon Aars and Stephen N. Atkinson and George K. Sage and Andrew G. Hope and Eve Zeyl and Lutz Bachmann and Dorothee Ehrich and Kim T. Scribner and Steven C. Amstrup and Stanislav Belikov and Erik W. Born and Andrew E. Derocher and Ian Stirling and Mitchell K. Taylor and {\O}ystein Wiig and David Paetkau and Sandra L. Talbot},
	editor = {Michael Knapp},
	title = {Implications of the circumpolar genetic structure of polar bears for their conservation in a rapidly warming Arctic},
	journal = {{PLoS} {ONE}}
}