@article{ID84860669527,
	doi = {10.1111/j.1600-048x.2012.05573.x},
	url = {https://doi.org/10.1111%2Fj.1600-048x.2012.05573.x},
	year = 2012,
	month = {mar},
	publisher = {Wiley-Blackwell},
	volume = {43},
	number = {2},
	pages = {155-167},
	author = {Samantha E. Franks and D. Ryan Norris and T. Kurt Kyser and Guillermo Fern{\'{a}}ndez and Birgit Schwarz and Roberto Carmona and Mark A. Colwell and Jorge Correa Sandoval and Alexey Dondua and H. River Gates and Ben Haase and David J. Hodkinson and Ariam Jim{\'{e}}nez and Richard B. Lanctot and Brent Ortego and Brett K. Sandercock and Felicia Sanders and John Y. Takekawa and Nils Warnock and Ron C. Ydenberg and David B. Lank},
	title = {Range-wide patterns of migratory connectivity in the western sandpiper Calidris mauri},
	journal = {Journal of Avian Biology}
}