@article{ID84956700270,
	doi = {10.1111/icad.12141},
	url = {https://doi.org/10.1111%2Ficad.12141},
	year = 2015,
	month = {sep},
	publisher = {Wiley-Blackwell},
	volume = {9},
	number = {1},
	pages = {38-48},
	author = {Matti Landvik and Pekka Niemel√§ and Tomas Roslin},
	editor = {Raphael Didham and Alan Gange},
	title = {Opportunistic habitat use by Osmoderma barnabita (Coleoptera: Scarabaeidae), a saproxylic beetle dependent on tree cavities},
	journal = {Insect Conservation and Diversity}
}