@article{ID84941915016,
	doi = {10.1016/j.landurbplan.2015.08.016},
	url = {https://doi.org/10.1016%2Fj.landurbplan.2015.08.016},
	year = 2015,
	month = {dec},
	publisher = {Elsevier {BV}},
	volume = {144},
	pages = {90-102},
	author = {Anke MÃ¼ller and Peder K. B{\o}cher and Jens-Christian Svenning},
	title = {Where are the wilder parts of anthropogenic landscapes? A mapping case study for Denmark},
	journal = {Landscape and Urban Planning}
}