@article{ID84930322803,
	doi = {10.1002/ppp.1839},
	url = {https://doi.org/10.1002%2Fppp.1839},
	year = 2015,
	month = {mar},
	publisher = {Wiley-Blackwell},
	volume = {26},
	number = {2},
	pages = {129-141},
	author = {Inga Beck and Ralf Ludwig and Monique Bernier and Esther L{\'{e}}vesque and Julia Boike},
	title = {Assessing Permafrost Degradation and Land Cover Changes (1986-2009) using Remote Sensing Data over Umiujaq, Sub-Arctic Qu√©bec},
	journal = {Permafrost and Periglacial Processes}
}