@article{ID84929334052,
	doi = {10.1016/j.dsr.2015.04.009},
	url = {https://doi.org/10.1016%2Fj.dsr.2015.04.009},
	year = 2015,
	month = {aug},
	publisher = {Elsevier {BV}},
	volume = {102},
	pages = {55-71},
	author = {Virginie Roy and Katrin Iken and Michel Gosselin and Jean-{\'{E}}ric Tremblay and Simon B{\'{e}}langer and Philippe Archambault},
	title = {Benthic faunal assimilation pathways and depth-related changes in food-web structure across the Canadian Arctic},
	journal = {Deep Sea Research Part I: Oceanographic Research Papers}
}