@article{ID84937734375,
	doi = {10.1093/aobpla/plv036},
	url = {https://doi.org/10.1093%2Faobpla%2Fplv036},
	year = 2015,
	month = {apr},
	publisher = {Oxford University Press ({OUP})},
	volume = {7},
	number = {0},
	pages = {plv036-plv036},
	author = {I. G. Alsos and D. Ehrich and P. B. Eidesen and H. Solstad and K. B. Westergaard and P. Schonswetter and A. Tribsch and S. Birkeland and R. Elven and C. Brochmann},
	title = {Long-distance plant dispersal to North Atlantic islands: Colonization routes and founder effect},
	journal = {{AoB} {PLANTS}}
}