@article{ID84991760624,
	doi = {10.1007/s10336-015-1282-6},
	url = {https://doi.org/10.1007%2Fs10336-015-1282-6},
	year = 2015,
	month = {sep},
	publisher = {Springer Nature},
	volume = {157},
	number = {2},
	pages = {407-418},
	author = {Sigmund Unander and {\AA}shild {\O}. Pedersen and Eeva M. Soininen and Sebastien Descamps and Maria HÃ¶rnell-Willebrand and Eva Fuglei},
	title = {Populations on the limits: Survival of Svalbard rock ptarmigan},
	journal = {Journal of Ornithology}
}