@article{ID84957433085,
	doi = {10.1111/avsc.12191},
	url = {https://doi.org/10.1111%2Favsc.12191},
	year = 2015,
	month = {aug},
	publisher = {Wiley-Blackwell},
	volume = {19},
	number = {1},
	pages = {173-180},
	author = {Milan Chytr{\'{y}} and Stephan M. Hennekens and Borja Jim{\'{e}}nez-Alfaro and Ilona Knollov{\'{a}} and Jürgen Dengler and Florian Jansen and Flavia Landucci and Joop H. J. Schamin{\'{e}}e and Svetlana A{\'{c}}i{\'{c}} and Emiliano Agrillo and Didem Ambarl{\i} and Pierangela Angelini and Iva Apostolova and Fabio Attorre and Christian Berg and Erwin Bergmeier and Idoia Biurrun and Zolt{\'{a}}n Botta-Duk{\'{a}}t and Henry Brisse and Juan Antonio Campos and Luis Carl{\'{o}}n and Andra{\v{z}} {\v{C}}arni and Laura Casella and J{\'{a}}nos Csiky and Renata {\'{C}}u{\v{s}}terevska and Zora Daji{\'{c}} Stevanovi{\'{c}} and Ji{\v{r}}{\'{\i}} Danihelka and Els De Bie and Patrice de Ruffray and Michele De Sanctis and W. Bernhard Dickor{\'{e}} and Panayotis Dimopoulos and Dmytro Dubyna and Tetiana Dziuba and Rasmus Ejrnaes and Nikolai Ermakov and Jörg Ewald and Giuliano Fanelli and Federico Fern{\'{a}}ndez-Gonz{\'{a}}lez and {\'{U}}na FitzPatrick and Xavier Font and Itziar Garc{\'{\i}}a-Mijangos and Rosario G. Gavil{\'{a}}n and Valentin Golub and Riccardo Guarino and Rense Haveman and Adrian Indreica and Deniz I{\c{s}}{\i}k Gürsoy and Ute Jandt and John A. M. Janssen and Martin Jirou{\v{s}}ek and Zygmunt K{\k{a}}cki and Ali Kavgac{\i} and Martin Kleikamp and Vitaliy Kolomiychuk and Mirjana Krstivojevi{\'{c}} {\'{C}}uk and Daniel Krstono{\v{s}}i{\'{c}} and Anna Kuzemko and Jonathan Lenoir and Tatiana Lysenko and Corrado Marcen{\`{o}} and Vassiliy Martynenko and Dana Michalcov{\'{a}} and Jesper Erenskjold Moeslund and Viktor Onyshchenko and Hristo Pedashenko and Aaron P{\'{e}}rez-Haase and Tom{\'{a}}{\v{s}} Peterka and Vadim Prokhorov and Valerijus Ra{\v{s}}omavi{\v{c}}ius and Maria Pilar Rodr{\'{\i}}guez-Rojo and John S. Rodwell and Tatiana Rogova and Eszter Ruprecht and Solvita R{\={u}}si{\c{n}}a and Gunnar Seidler and Jozef {\v{S}}ib{\'{\i}}k and Urban {\v{S}}ilc and {\v{Z}}eljko {\v{S}}kvorc and Desislava Sopotlieva and Zvjezdana Stan{\v{c}}i{\'{c}} and Jens-Christian Svenning and Grzegorz Swacha and Ioannis Tsiripidis and Pavel Dan Turtureanu and Emin U{\u{g}}urlu and Domas Uogintas and Milan Valachovi{\v{c}} and Yulia Vashenyak and Kiril Vassilev and Roberto Venanzoni and Risto Virtanen and Lynda Weekes and Wolfgang Willner and Thomas Wohlgemuth and Sergey Yamalov},
	editor = {Meelis Pärtel},
	title = {European Vegetation Archive (EVA): An integrated database of European vegetation plots},
	journal = {Applied Vegetation Science}
}