@article{ID84962360145,
	doi = {10.1086/685083},
	url = {https://doi.org/10.1086%2F685083},
	year = 2016,
	month = {apr},
	publisher = {University of Chicago Press},
	volume = {187},
	number = {4},
	pages = {E83-E92},
	author = {Nathan G. Swenson and Michael D. Weiser and Lingfeng Mao and Signe Normand and Miguel {\'{A}}ngel Rodr{\'{\i}}guez and Luxiang Lin and Min Cao and Jens-Christian Svenning},
	title = {Constancy in functional space across a species richness anomaly},
	journal = {The American Naturalist}
}