@article{ID84865359439,
	doi = {10.1139/z2012-077},
	url = {https://doi.org/10.1139%2Fz2012-077},
	year = 2012,
	month = {sep},
	publisher = {Canadian Science Publishing},
	volume = {90},
	number = {9},
	pages = {1102-1116},
	author = {K. Nor{\'{e}}n and P. Hersteinsson and G. Samelius and N. E. Eide and E. Fuglei and B. Elmhagen and L. Dal{\'{e}}n and T. Meijer and A. Angerbj√∂rn},
	title = {From monogamy to complexity: Social organization of arctic foxes (Vulpes lagopus) in contrasting ecosystems},
	journal = {Canadian Journal of Zoology}
}