@article{ID84902381766,
	doi = {10.1111/jvs.12163},
	url = {https://doi.org/10.1111%2Fjvs.12163},
	year = 2014,
	month = {mar},
	publisher = {Wiley-Blackwell},
	volume = {25},
	number = {4},
	pages = {1004-1014},
	author = {Kristin O. Nystuen and Marianne Evju and Graciela M. Rusch and Bente J. Graae and Nina E. Eide},
	editor = {Beverly Collins},
	title = {Rodent population dynamics affect seedling recruitment in alpine habitats},
	journal = {Journal of Vegetation Science}
}