@article{ID84857771381,
	doi = {10.1371/journal.pone.0032071},
	url = {https://doi.org/10.1371%2Fjournal.pone.0032071},
	year = 2012,
	month = {mar},
	publisher = {Public Library of Science ({PLoS})},
	volume = {7},
	number = {3},
	pages = {e32071},
	author = {Fredrik Dalerum and Anna Perbro and Rannveig Magnusdottir and Pall Hersteinsson and Anders Angerbj√∂rn},
	editor = {Wayne M. Getz},
	title = {The influence of coastal access on isotope variation in icelandic arctic foxes},
	journal = {{PLoS} {ONE}}
}