@article{ID84864289492,
	doi = {10.1111/j.1365-294x.2012.05545.x},
	url = {https://doi.org/10.1111%2Fj.1365-294x.2012.05545.x},
	year = 2012,
	month = {apr},
	publisher = {Wiley-Blackwell},
	volume = {21},
	number = {15},
	pages = {3647-3655},
	author = {N. G. YOCCOZ and K. A. BR{\AA}THEN and L. GIELLY and J. HAILE and M. E. EDWARDS and T. GOSLAR and H. Von STEDINGK and A. K. BRYSTING and E. COISSAC and F. POMPANON and J. H. S{\O}NSTEB{\O} and C. MIQUEL and A. VALENTINI and F. De BELLO and J. CHAVE and W. THUILLER and P. WINCKER and C. CRUAUD and F. GAVORY and M. RASMUSSEN and M. T. P. GILBERT and L. ORLANDO and C. BROCHMANN and E. WILLERSLEV and P. TABERLET},
	title = {DNA from soil mirrors plant taxonomic and growth form diversity},
	journal = {Molecular Ecology}
}