@article{ID84922296257,
	doi = {10.1021/es5036249},
	url = {https://doi.org/10.1021%2Fes5036249},
	year = 2014,
	month = {nov},
	publisher = {American Chemical Society ({ACS})},
	volume = {48},
	number = {22},
	pages = {13246-13252},
	author = {Birgit M. Braune and Anthony J. Gaston and Keith A. Hobson and H. Grant Gilchrist and Mark L. Mallory},
	title = {Changes in food web structure alter trends of mercury uptake at two seabird colonies in the Canadian Arctic},
	journal = {Environmental Science {\&} Technology}
}