@article{ID84885423155,
	doi = {10.1111/gcb.12321},
	url = {https://doi.org/10.1111%2Fgcb.12321},
	year = 2013,
	month = {sep},
	publisher = {Wiley-Blackwell},
	pages = {n/a-n/a},
	author = {Chuan Yan and Nils Chr. Stenseth and Charles J. Krebs and Zhibin Zhang},
	title = {Linking climate change to population cycles of hares and lynx},
	journal = {Global Change Biology},
	volume = {19},
	number = {11}
}