@article{ID84875531336,
	doi = {10.1111/cobi.12018},
	url = {https://doi.org/10.1111%2Fcobi.12018},
	year = 2013,
	month = {mar},
	publisher = {Wiley-Blackwell},
	volume = {27},
	number = {2},
	pages = {242-243},
	author = {Dominique Berteaux},
	title = {Qu√©bec's Large-Scale Plan Nord},
	journal = {Conservation Biology}
}