@article{ID84860825145,
	doi = {10.1111/j.1466-8238.2011.00728.x},
	url = {https://doi.org/10.1111%2Fj.1466-8238.2011.00728.x},
	year = 2011,
	month = {nov},
	publisher = {Wiley-Blackwell},
	volume = {21},
	number = {9},
	pages = {909-921},
	author = {W. Daniel Kissling and William J. Baker and Henrik Balslev and Anders S. Barfod and Finn Borchsenius and John Dransfield and RafaÃ«l Govaerts and Jens-Christian Svenning},
	title = {Quaternary and pre-Quaternary historical legacies in the global distribution of a major tropical plant lineage},
	journal = {Global Ecology and Biogeography}
}