@article{ID84878206931,
	doi = {10.1111/1365-2664.12086},
	url = {https://doi.org/10.1111%2F1365-2664.12086},
	year = 2013,
	month = {may},
	publisher = {Wiley-Blackwell},
	volume = {50},
	number = {3},
	pages = {659-670},
	author = {Emilie Tew Kai and Simon Benhamou and Carl D. van der Lingen and Janet C. Coetzee and Lorien Pichegru and Peter G. Ryan and David Gr{\'{e}}millet},
	editor = {Steve Votier},
	title = {Are Cape gannets dependent upon fishery waste? A multi-scale analysis using seabird GPS-tracking, hydro-acoustic surveys of pelagic fish and vessel monitoring systems},
	journal = {Journal of Applied Ecology}
}