@article{ID84948952104,
	doi = {10.1007/s00300-015-1843-4},
	url = {https://doi.org/10.1007%2Fs00300-015-1843-4},
	year = 2015,
	month = {nov},
	publisher = {Springer Nature},
	volume = {39},
	number = {7},
	pages = {1335-1341},
	author = {Cl{\'{e}}ment Chevallier and Sandra Lai and Dominique Berteaux},
	title = {Predation of arctic fox (Vulpes lagopus) pups by common ravens (Corvus corax)},
	journal = {Polar Biology}
}