@article{ID84924532733,
	doi = {10.1111/fwb.12526},
	url = {https://doi.org/10.1111%2Ffwb.12526},
	year = 2014,
	month = {dec},
	publisher = {Wiley-Blackwell},
	volume = {60},
	number = {4},
	pages = {745-757},
	author = {Rosemberg F. Menezes and Finn Borchsenius and Jens-Christian Svenning and Thomas A. Davidson and Martin S{\o}ndergaard and Torben L. Lauridsen and Frank Landkildehus and Erik Jeppesen},
	title = {Homogenization of fish assemblages in different lake depth strata at local and regional scales},
	journal = {Freshwater Biology}
}