@article{ID84908231914,
	doi = {10.1007/s13280-014-0515-x},
	url = {https://doi.org/10.1007%2Fs13280-014-0515-x},
	year = 2014,
	month = {mar},
	publisher = {Springer Nature},
	volume = {43},
	number = {6},
	pages = {801-809},
	author = {Jesper Madsen and Morten Bjerrum and Ingunn M. Tombre},
	title = {Regional Management of Farmland Feeding Geese Using an Ecological Prioritization Tool},
	journal = {{AMBIO}}
}