@article{ID84871062830,
	doi = {10.1126/science.1226727},
	url = {https://doi.org/10.1126%2Fscience.1226727},
	year = 2012,
	month = {dec},
	publisher = {American Association for the Advancement of Science ({AAAS})},
	volume = {338},
	number = {6113},
	pages = {1481-1484},
	author = {Y. Basset and L. Cizek and P. Cuenoud and R. K. Didham and F. Guilhaumon and O. Missa and V. Novotny and F. Odegaard and T. Roslin and J. Schmidl and A. K. Tishechkin and N. N. Winchester and D. W. Roubik and H.-P. Aberlenc and J. Bail and H. Barrios and J. R. Bridle and G. Castano-Meneses and B. Corbara and G. Curletti and W. Duarte da Rocha and D. De Bakker and J. H. C. Delabie and A. Dejean and L. L. Fagan and A. Floren and R. L. Kitching and E. Medianero and S. E. Miller and E. Gama de Oliveira and J. Orivel and M. Pollet and M. Rapp and S. P. Ribeiro and Y. Roisin and J. B. Schmidt and L. Sorensen and M. Leponce},
	title = {Arthropod diversity in a tropical forest},
	journal = {Science}
}