@article{ID84951284711,
	doi = {10.1086/684128},
	url = {https://doi.org/10.1086%2F684128},
	year = 2016,
	month = {jan},
	publisher = {University of Chicago Press},
	volume = {187},
	number = {1},
	pages = {75-88},
	author = {Jean-Philippe Lessard and Ben G. Weinstein and Michael K. Borregaard and Katharine A. Marske and Danny R. Martin and Jimmy A. McGuire and Juan L. Parra and Carsten Rahbek and Catherine H. Graham},
	title = {Process-based species pools reveal the hidden signature of biotic interactions amid the influence of temperature filtering},
	journal = {The American Naturalist}
}