@article{ID84861357339,
	doi = {10.3354/meps09590},
	url = {https://doi.org/10.3354%2Fmeps09590},
	year = 2012,
	month = {may},
	publisher = {Inter-Research Science Center},
	volume = {454},
	pages = {197-206},
	author = {D Gr{\'{e}}millet and J Welcker and NJ Karnovsky and W Walkusz and ME Hall and J Fort and ZW Brown and JR Speakman and AMA Harding},
	title = {Little auks buffer the impact of current Arctic climate change},
	journal = {Marine Ecology Progress Series}
}