@article{ID84922665184,
	doi = {10.1016/j.envsoft.2015.01.010},
	url = {https://doi.org/10.1016%2Fj.envsoft.2015.01.010},
	year = 2015,
	month = {may},
	publisher = {Elsevier {BV}},
	volume = {67},
	pages = {138-148},
	author = {Jean F. Li{\'{e}}nard and Dominique Gravel and Nikolay S. Strigul},
	title = {Data-intensive modeling of forest dynamics},
	journal = {Environmental Modelling {\&} Software}
}