@article{ID84922907570,
	doi = {10.1111/1365-2745.12361},
	url = {https://doi.org/10.1111%2F1365-2745.12361},
	year = 2015,
	month = {jan},
	publisher = {Wiley-Blackwell},
	volume = {103},
	number = {2},
	pages = {489-501},
	author = {Ulf BÃ¼ntgen and Lena Hellmann and Willy Tegel and Signe Normand and Isla Myers-Smith and Alexander V. Kirdyanov and Daniel Nievergelt and Fritz H. Schweingruber},
	editor = {John Lee},
	title = {Temperature-induced recruitment pulses of Arctic dwarf shrub communities},
	journal = {Journal of Ecology}
}