@incollection{ID84866761236,
	doi = {10.1007/978-1-61779-870-2_1},
	url = {https://doi.org/10.1007%2F978-1-61779-870-2_1},
	year = 2012,
	publisher = {Humana Press},
	pages = {3-12},
	author = {St{\'{e}}phanie Manel and C{\'{e}}cile H. Albert and Nigel G. Yoccoz},
	title = {Sampling in landscape genomics},
	booktitle = {Data Production and Analysis in Population Genomics},
	volume = {888},
	journal = {Methods in Molecular Biology}
}