@article{ID84875269838,
	doi = {10.1242/jeb.076935},
	url = {https://doi.org/10.1242%2Fjeb.076935},
	year = 2012,
	month = {nov},
	publisher = {The Company of Biologists},
	volume = {216},
	number = {6},
	pages = {1075-1084},
	author = {J. N. Zeyl and O. P. Love and D. M. Higgs},
	title = {Condition-dependent auditory processing in the round goby (Neogobius melanostomus): Links to sex, reproductive condition and female estrogen levels},
	journal = {Journal of Experimental Biology}
}