@article{ID84874193195,
	doi = {10.1002/ajp.22121},
	url = {https://doi.org/10.1002%2Fajp.22121},
	year = 2013,
	month = {jan},
	publisher = {Wiley-Blackwell},
	volume = {75},
	number = {4},
	pages = {394-403},
	author = {DAVID BEAUNE and FRAN{\c{C}}OIS BRETAGNOLLE and LO√èC BOLLACHE and GOTTFRIED HOHMANN and MARTIN SURBECK and CHLO{\'{E}} BOURSON and BARBARA FRUTH},
	title = {The Bonobo-Dialium Positive Interactions: Seed Dispersal Mutualism},
	journal = {American Journal of Primatology}
}