@article{ID84923273496,
	doi = {10.1371/journal.pone.0118740},
	url = {https://doi.org/10.1371%2Fjournal.pone.0118740},
	year = 2015,
	month = {feb},
	publisher = {Public Library of Science ({PLoS})},
	volume = {10},
	number = {2},
	pages = {e0118740},
	author = {Ivan Pokrovsky and Doroth{\'{e}}e Ehrich and Rolf A. Ims and Alexander V. Kondratyev and Helmut Kruckenberg and Olga Kulikova and Julia Mihnevich and Liya Pokrovskaya and Alexander Shienok},
	editor = {Peter Ekl√∂v},
	title = {Rough-legged buzzards, arctic foxes and red foxes in a tundra ecosystem without rodents},
	journal = {{PLOS} {ONE}}
}