@article{ID84856613393,
	doi = {10.1007/s10342-011-0511-7},
	url = {https://doi.org/10.1007%2Fs10342-011-0511-7},
	year = 2011,
	month = {may},
	publisher = {Springer Nature},
	volume = {131},
	number = {2},
	pages = {389-400},
	author = {Therese Sigurdsen and {\AA}shild {\O}. Pedersen and Nigel G. Yoccoz and Voitto Haukisalmi and Rolf A. Ims},
	title = {Are endoparasites of common shrews (Sorex araneus) sensitive to tree species conversion in sub-Arctic birch forests?},
	journal = {European Journal of Forest Research}
}