@article{ID84863796450,
	doi = {10.2326/osj.10.3},
	url = {https://doi.org/10.2326%2Fosj.10.3},
	year = 2011,
	month = {jun},
	publisher = {Ornithological Society of Japan},
	volume = {10},
	number = {1},
	pages = {3-11},
	author = {Manuelle Cottin and Akiko Kato and Anne-Mathilde Thierry and Yvon Le Maho and Thierry Raclot and Yan Ropert-Coudert},
	title = {Does corticosterone affect diving behaviour of male Ad√©lie Penguins? A preliminary experimental study},
	journal = {Ornithological Science}
}