@article{ID84883871308,
	doi = {10.5194/bg-10-5911-2013},
	url = {https://doi.org/10.5194%2Fbg-10-5911-2013},
	year = 2013,
	month = {sep},
	publisher = {Copernicus {GmbH}},
	volume = {10},
	number = {9},
	pages = {5911-5929},
	author = {H. Link and G. Chaillou and A. Forest and D. Piepenburg and P. Archambault},
	title = {Multivariate benthic ecosystem functioning in the Arctic-benthic fluxes explained by environmental parameters in the southeastern Beaufort Sea},
	journal = {Biogeosciences}
}