@article{ID84962523985,
	doi = {10.1002/ecs2.1237},
	url = {https://doi.org/10.1002%2Fecs2.1237},
	year = 2016,
	month = {feb},
	publisher = {Wiley-Blackwell},
	volume = {7},
	number = {2},
	author = {Alejandro Ordonez and Jens-Christian Svenning},
	editor = {D. P. C. Peters},
	title = {Functional diversity of North American broad-leaved trees is codetermined by past and current environmental factors},
	journal = {Ecosphere}
}