@article{ID84990059411,
	doi = {10.1111/gcb.13499},
	url = {https://doi.org/10.1111%2Fgcb.13499},
	year = 2016,
	month = {sep},
	publisher = {Wiley-Blackwell},
	volume = {23},
	number = {5},
	pages = {1821-1831},
	author = {Cody J. Dey and Evan Richardson and David McGeachy and Samuel A. Iverson and Hugh G. Gilchrist and Christina A. D. Semeniuk},
	title = {Increasing nest predation will be insufficient to maintain polar bear body condition in the face of sea ice loss},
	journal = {Global Change Biology}
}