@article{ID84955381628,
	doi = {10.1007/s00442-015-3476-2},
	url = {https://doi.org/10.1007%2Fs00442-015-3476-2},
	year = 2015,
	month = {oct},
	publisher = {Springer Nature},
	volume = {180},
	number = {2},
	pages = {519-528},
	author = {Axel Zander and Dominique Gravel and Louis-F{\'{e}}lix Bersier and Sarah M. Gray},
	title = {Top predators affect the composition of naive protist communities, but only in their early-successional stage},
	journal = {Oecologia}
}