@article{ID84958279135,
	doi = {10.1016/j.scitotenv.2016.02.055},
	url = {https://doi.org/10.1016%2Fj.scitotenv.2016.02.055},
	year = 2016,
	month = {may},
	publisher = {Elsevier {BV}},
	volume = {551-552},
	pages = {506-512},
	author = {J. F. Provencher and H. G. Gilchrist and M. L. Mallory and G. W. Mitchell and M. R. Forbes},
	title = {Direct and indirect causes of sex differences in mercury concentrations and parasitic infections in a marine bird},
	journal = {Science of The Total Environment}
}