@article{ID84938290486,
	doi = {10.1007/s10533-015-0109-0},
	url = {https://doi.org/10.1007%2Fs10533-015-0109-0},
	year = 2015,
	month = {jun},
	publisher = {Springer Nature},
	volume = {125},
	number = {1},
	pages = {21-35},
	author = {Lena Str√∂m and Julie Maria Falk and Kirstine Skov and Marcin Jackowicz-Korczynski and Mikhail Mastepanov and Torben R{\o}jle Christensen and Magnus Lund and Niels Martin Schmidt},
	title = {Controls of spatial and temporal variability in CH&lt;inf&gt;4&lt;/inf&gt; flux in a high arctic fen over three years},
	journal = {Biogeochemistry}
}