@article{ID84937976377,
	doi = {10.1016/j.tpb.2015.04.002},
	url = {https://doi.org/10.1016%2Fj.tpb.2015.04.002},
	year = 2015,
	month = {aug},
	publisher = {Elsevier {BV}},
	volume = {103},
	pages = {44-59},
	author = {Fr{\'{e}}d{\'{e}}ric Barraquand and Leslie F. New and Stephen Redpath and Jason Matthiopoulos},
	title = {Indirect effects of primary prey population dynamics on alternative prey},
	journal = {Theoretical Population Biology}
}