@article{ID84960510712,
	doi = {10.1371/journal.pone.0146995},
	url = {https://doi.org/10.1371%2Fjournal.pone.0146995},
	year = 2016,
	month = {feb},
	publisher = {Public Library of Science ({PLoS})},
	volume = {11},
	number = {2},
	pages = {e0146995},
	author = {Marie-Jose Naud and Warwick H. H. Sauer and Niall J. McKeown and Paul W. Shaw},
	editor = {Stefan Schlatt},
	title = {Multiple mating, paternity and complex fertilisation patterns in the chokka squid Loligo reynaudii},
	journal = {{PLOS} {ONE}}
}