@article{ID84956718422,
	doi = {10.1007/s00300-014-1501-2},
	url = {https://doi.org/10.1007%2Fs00300-014-1501-2},
	year = 2014,
	month = {apr},
	publisher = {Springer Nature},
	volume = {37},
	number = {8},
	pages = {1073-1082},
	author = {Lars O. Mortensen and Erik Jeppesen and Niels Martin Schmidt and Kirsten S. Christoffersen and Mikkel P. Tamstorf and Mads C. Forchhammer},
	title = {Temporal trends and variability in a high-arctic ecosystem in Greenland: multidimensional analyses of limnic and terrestrial ecosystems},
	journal = {Polar Biology}
}