@article{ID84861680901,
	doi = {10.1111/j.1558-5646.2011.01554.x},
	url = {https://doi.org/10.1111%2Fj.1558-5646.2011.01554.x},
	year = 2012,
	month = {mar},
	publisher = {Wiley-Blackwell},
	volume = {66},
	number = {6},
	pages = {1737-1750},
	author = {Glenn Yannic and Patrick Basset and Lucie BÃ¼chi and Jacques Hausser and Thomas Broquet},
	title = {Scale-specific sex-biased dispersal in the valais shrew unveiled by genetic variation on the y chromosome, autosomes, and mitochondrial dna},
	journal = {Evolution}
}