@article{ID84976293840,
	doi = {10.1007/s10336-016-1328-4},
	url = {https://doi.org/10.1007%2Fs10336-016-1328-4},
	year = 2016,
	month = {feb},
	publisher = {Springer Nature},
	volume = {157},
	number = {3},
	pages = {861-873},
	author = {Glenn Yannic and Thomas Broquet and Hallvard Str{\o}m and Adrian Aebischer and Christophe Dufresnes and Maria V. Gavrilo and H. Grant Gilchrist and Mark L. Mallory and R. I. Guy Morrison and Brigitte Sabard and Roberto Sermier and Olivier Gilg},
	title = {Genetic and morphological sex identification methods reveal a male-biased sex ratio in the Ivory Gull Pagophila eburnea},
	journal = {Journal of Ornithology}
}