@article{ID84913604434,
	doi = {10.1111/ecog.00694},
	url = {https://doi.org/10.1111%2Fecog.00694},
	year = 2014,
	month = {apr},
	publisher = {Wiley-Blackwell},
	volume = {37},
	number = {12},
	pages = {1230-1239},
	author = {Isabelle Boulangeat and Damien Georges and C{\'{e}}dric Dentant and Richard Bonet and J{\'{e}}r{\'{e}}mie Van Es and Sylvain Abdulhak and Niklaus E. Zimmermann and Wilfried Thuiller},
	title = {Anticipating the spatio-temporal response of plant diversity and vegetation structure to climate and land use change in a protected area},
	journal = {Ecography}
}