@article{ID84921436269,
	doi = {10.1111/ecog.00967},
	url = {https://doi.org/10.1111%2Fecog.00967},
	year = 2014,
	month = {jun},
	publisher = {Wiley-Blackwell},
	volume = {38},
	number = {1},
	pages = {15-28},
	author = {J. Lenoir and J.-C. Svenning},
	title = {Climate-related range shifts - a global multidimensional synthesis and new research directions},
	journal = {Ecography}
}