@article{ID84890485459,
	doi = {10.1007/s11442-014-1074-6},
	url = {https://doi.org/10.1007%2Fs11442-014-1074-6},
	year = 2013,
	month = {dec},
	publisher = {Springer Nature},
	volume = {24},
	number = {1},
	pages = {76-92},
	author = {Mette V. Odgaard and Peder K. B{\o}cher and Tommy Dalgaard and Jesper E. Moeslund and Jens-Christian Svenning},
	title = {Human-driven topographic effects on the distribution of forest in a flat, lowland agricultural region},
	journal = {Journal of Geographical Sciences}
}