@article{ID84939972514,
	doi = {10.1007/s10021-014-9834-9},
	url = {https://doi.org/10.1007%2Fs10021-014-9834-9},
	year = 2015,
	month = {jan},
	publisher = {Springer Nature},
	volume = {18},
	number = {3},
	pages = {404-416},
	author = {Dorothee Ehrich and Rolf A. Ims and Nigel G. Yoccoz and Nicolas Lecomte and Siw T. Killengreen and Eva Fuglei and Anna Y. Rodnikova and Barwolt S. Ebbinge and Irina E. Menyushina and Bart A. Nolet and Ivan G. Pokrovsky and Igor Y. Popov and Niels M. Schmidt and Aleksandr A. Sokolov and Natalya A. Sokolova and Vasily A. Sokolov},
	title = {What Can Stable Isotope Analysis of Top Predator Tissues Contribute to Monitoring of Tundra Ecosystems?},
	journal = {Ecosystems}
}