@article{ID84911498626,
	doi = {10.1371/journal.pone.0111546},
	url = {https://doi.org/10.1371%2Fjournal.pone.0111546},
	year = 2014,
	month = {nov},
	publisher = {Public Library of Science ({PLoS})},
	volume = {9},
	number = {11},
	pages = {e111546},
	author = {Pierre Legagneux and Pauline Suffice and Jean-S{\'{e}}bastien Messier and Fr{\'{e}}d{\'{e}}rick Lelievre and Junior A. Tremblay and Charles Maisonneuve and Richard Saint-Louis and JoÃ«l B{\^{e}}ty},
	editor = {Christopher James Johnson},
	title = {High risk of lead contamination for scavengers in an area with high moose hunting success},
	journal = {{PLoS} {ONE}}
}