@article{ID84957426533,
	doi = {10.1111/avsc.12201},
	url = {https://doi.org/10.1111%2Favsc.12201},
	year = 2015,
	month = {oct},
	publisher = {Wiley-Blackwell},
	volume = {19},
	number = {1},
	pages = {147-163},
	author = {Jan Douda and Karel Boubl{\'{\i}}k and Michal Slez{\'{a}}k and Idoia Biurrun and Josef Nociar and Alena Havrdov{\'{a}} and Jana Doudov{\'{a}} and Svetlana A{\'{c}}i{\'{c}} and Henry Brisse and JÃ¶rg Brunet and Milan Chytr{\'{y}} and Hugues Claessens and J{\'{a}}nos Csiky and Yakiv Didukh and Panayotis Dimopoulos and Stefan Dullinger and {\'{U}}na FitzPatrick and Antoine Guisan and Peter J. Horchler and Richard Hrivn{\'{a}}k and Ute Jandt and Zygmunt K{\k{a}}cki and Bal{\'{a}}zs Kevey and Flavia Landucci and Hugues Lecomte and Jonathan Lenoir and Jaanus Paal and David Paternoster and Harald Pauli and Remigiusz Pielech and John S. Rodwell and Bart Roelandt and Jens-Christian Svenning and Jozef {\v{S}}ib{\'{\i}}k and Urban {\v{S}}ilc and {\v{Z}}eljko {\v{S}}kvorc and Ioannis Tsiripidis and Rossen T. Tzonev and Thomas Wohlgemuth and Niklaus E. Zimmermann},
	editor = {Angelika Schwabe-Kratochwil},
	title = {Vegetation classification and biogeography of European floodplain forests and alder carrs},
	journal = {Applied Vegetation Science}
}