@article{ID84961619662,
	doi = {10.1016/j.marpolbul.2015.09.049},
	url = {https://doi.org/10.1016%2Fj.marpolbul.2015.09.049},
	year = 2015,
	month = {dec},
	publisher = {Elsevier {BV}},
	volume = {101},
	number = {1},
	pages = {442-447},
	author = {Ingeborg G. Hallanger and Kjetil Sagerup and Anita Evenset and Kit M. Kovacs and Pim Leonards and Eva Fuglei and Heli Routti and Jon Aars and Hallvard Str{\o}m and Christian Lydersen and Geir Wing Gabrielsen},
	title = {Organophosphorous flame retardants in biota from Svalbard, Norway},
	journal = {Marine Pollution Bulletin}
}