@article{ID84902270983,
	doi = {10.1007/s10530-013-0590-0},
	url = {https://doi.org/10.1007%2Fs10530-013-0590-0},
	year = 2013,
	month = {nov},
	publisher = {Springer Nature},
	volume = {16},
	number = {7},
	pages = {1545-1555},
	author = {L. Dunoyer and L. Dijoux and L. Bollache and C. Lagrue},
	title = {Effects of crayfish on leaf litter breakdown and shredder prey: Are native and introduced species functionally redundant?},
	journal = {Biological Invasions}
}