@article{ID84904247392,
	doi = {10.1371/journal.pone.0100900},
	url = {https://doi.org/10.1371%2Fjournal.pone.0100900},
	year = 2014,
	month = {jul},
	publisher = {Public Library of Science ({PLoS})},
	volume = {9},
	number = {7},
	pages = {e100900},
	author = {Virginie Roy and Katrin Iken and Philippe Archambault},
	editor = {Judi Hewitt},
	title = {Environmental drivers of the Canadian Arctic megabenthic communities},
	journal = {{PLoS} {ONE}}
}