@article{ID84860468126,
	doi = {10.1675/063.035.0111},
	url = {https://doi.org/10.1675%2F063.035.0111},
	year = 2012,
	month = {mar},
	publisher = {Waterbird Society},
	volume = {35},
	number = {1},
	pages = {106-119},
	author = {Paul A. Smith and Cheri L. Gratto-Trevor and Brian T. Collins and Suzanne D. Fellows and Richard B. Lanctot and Joe Liebezeit and Brian J. McCaffery and Diane Tracy and Jennie Rausch and Steve Kendall and Steve Zack and H. River Gates},
	title = {Trends in abundance of Semipalmated Sandpipers: Evidence from the arctic},
	journal = {Waterbirds}
}