@article{ID84926387268,
	doi = {10.1111/ddi.12275},
	url = {https://doi.org/10.1111%2Fddi.12275},
	year = 2014,
	month = {oct},
	publisher = {Wiley-Blackwell},
	volume = {21},
	number = {5},
	pages = {511-522},
	author = {Jean-Yves Barnagaud and Julien Papa√Øx and Olivier Gimenez and Jens-Christian Svenning},
	editor = {Risto Heikkinen},
	title = {Dynamic spatial interactions between the native invader Brown-headed Cowbird and its hosts},
	journal = {Diversity and Distributions}
}