@article{ID84956665904,
	doi = {10.1111/icad.12142},
	url = {https://doi.org/10.1111%2Ficad.12142},
	year = 2015,
	month = {sep},
	publisher = {Wiley-Blackwell},
	volume = {9},
	number = {1},
	pages = {49-62},
	author = {Bess Hardwick and Riikka Kaartinen and Martti Koponen and Tomas Roslin},
	editor = {Karsten Schonrogge},
	title = {A rapid assessment of a poorly known insect group},
	journal = {Insect Conservation and Diversity}
}