@article{ID84859341071,
	doi = {10.1071/wr11167},
	url = {https://doi.org/10.1071%2Fwr11167},
	year = 2012,
	publisher = {{CSIRO} Publishing},
	volume = {39},
	number = {2},
	pages = {163},
	author = {Scott A. Donker and Charles J. Krebs},
	title = {Evidence for sourcesink dynamics in a regional population of arctic ground squirrels (Urocitellus parryii plesius)},
	journal = {Wildlife Research}
}