@article{ID84942156363,
	doi = {10.1371/journal.pone.0135100},
	url = {https://doi.org/10.1371%2Fjournal.pone.0135100},
	year = 2015,
	month = {aug},
	publisher = {Public Library of Science ({PLoS})},
	volume = {10},
	number = {8},
	pages = {e0135100},
	author = {Jesper Madsen and Thomas Kj{\ae}r Christensen and Thorsten J. S. Balsby and Ingunn M. Tombre},
	editor = {Claudia Mettke-Hofmann},
	title = {Could have gone wrong: Effects of abrupt changes in migratory behaviour on harvest in a waterbird population},
	journal = {{PLOS} {ONE}}
}