@article{ID84921855987,
	doi = {10.1007/s00300-013-1393-6},
	url = {https://doi.org/10.1007%2Fs00300-013-1393-6},
	year = 2013,
	month = {aug},
	publisher = {Springer Nature},
	volume = {36},
	number = {12},
	pages = {1735-1748},
	author = {Jesper Bruun Mosbacher and Niels Martin Schmidt and Anders Michelsen},
	title = {Impacts of eriophyoid gall mites on arctic willow in a rapidly changing Arctic},
	journal = {Polar Biology}
}