@article{ID84938548600,
	doi = {10.1111/jzo.12249},
	url = {https://doi.org/10.1111%2Fjzo.12249},
	year = 2015,
	month = {apr},
	publisher = {Wiley-Blackwell},
	volume = {296},
	number = {4},
	pages = {305-310},
	author = {M. J. Sheriff and E. K. McMahon and C. J. Krebs and R. Boonstra},
	title = {Predator-induced maternal stress and population demography in snowshoe hares: The more severe the risk, the longer the generational effect},
	journal = {Journal of Zoology}
}