@article{ID84994614182,
	doi = {10.1002/ecm.1232},
	url = {https://doi.org/10.1002%2Fecm.1232},
	year = 2016,
	month = {nov},
	publisher = {Wiley-Blackwell},
	volume = {86},
	number = {4},
	pages = {517-543},
	author = {S. Hamel and J.-M. Gaillard and N. G. Yoccoz and S. Albon and S. D. C{\^{o}}t{\'{e}} and J. M. Craine and M. Festa-Bianchet and M. Garel and P. Lee and C. Moss and D. H. Nussey and F. Pelletier and A. Stien and T. Tveraa},
	title = {Cohort variation in individual body mass dissipates with age in large herbivores},
	journal = {Ecological Monographs}
}