@article{ID84878823804,
	doi = {10.1525/auk.2013.12052},
	url = {https://doi.org/10.1525%2Fauk.2013.12052},
	year = 2013,
	month = {apr},
	publisher = {University of California Press},
	volume = {130},
	number = {2},
	pages = {372-380},
	author = {H. River Gates and Richard B. Lanctot and Abby N. Powell},
	title = {High renesting rates in Arctic-breeding dunlin (Calidris alpina): A clutch-removal experiment},
	journal = {The Auk}
}