@article{ID84870317738,
	doi = {10.1111/j.1365-2311.2012.01386.x},
	url = {https://doi.org/10.1111%2Fj.1365-2311.2012.01386.x},
	year = 2012,
	month = {nov},
	publisher = {Wiley-Blackwell},
	volume = {37},
	number = {6},
	pages = {471-479},
	author = {TINO SCHOTT and ROLF A. IMS and SNORRE B. HAGEN and NIGEL G. YOCCOZ},
	title = {Sources of variation in larval parasitism of two sympatrically outbreaking birch forest defoliators},
	journal = {Ecological Entomology}
}