@article{ID84988603344,
	doi = {10.1086/688044},
	url = {https://doi.org/10.1086%2F688044},
	year = 2016,
	month = {oct},
	publisher = {University of Chicago Press},
	volume = {188},
	number = {4},
	pages = {434-445},
	author = {Holly L. Hennin and JÃ¶el B{\^{e}}ty and Pierre Legagneux and H. Grant Gilchrist and Tony D. Williams and Oliver P. Love},
	title = {Energetic physiology mediates individual optimization of breeding phenology in a migratory Arctic Seabird},
	journal = {The American Naturalist}
}