@article{ID84975691118,
	doi = {10.1002/ece3.1999},
	url = {https://doi.org/10.1002%2Fece3.1999},
	year = 2016,
	month = {feb},
	publisher = {Wiley-Blackwell},
	volume = {6},
	number = {6},
	pages = {1702-1711},
	author = {Holly L. Hennin and Alicia M. Wells-Berlin and Oliver P. Love},
	title = {Baseline glucocorticoids are drivers of body mass gain in a diving seabird},
	journal = {Ecology and Evolution}
}