@article{ID84897078479,
	doi = {10.1111/geb.12154},
	url = {https://doi.org/10.1111%2Fgeb.12154},
	year = 2014,
	month = {mar},
	publisher = {Wiley-Blackwell},
	volume = {23},
	number = {5},
	pages = {550-562},
	author = {Lars Dalby and Brian J. McGill and Anthony David Fox and Jens-Christian Svenning},
	title = {Seasonality drives global-scale diversity patterns in waterfowl (Anseriformes) via temporal niche exploitation},
	journal = {Global Ecology and Biogeography}
}