@article{ID84880396826,
	doi = {10.1002/ece3.292},
	url = {https://doi.org/10.1002%2Fece3.292},
	year = 2012,
	month = {jun},
	publisher = {Wiley-Blackwell},
	volume = {2},
	number = {8},
	pages = {1781-1790},
	author = {Philippe Desjardins-Proulx and Dominique Gravel},
	title = {A complex speciation-richness relationship in a simple neutral model},
	journal = {Ecology and Evolution}
}