@article{ID84877344411,
	doi = {10.1111/j.1756-1051.2013.00082.x},
	url = {https://doi.org/10.1111%2Fj.1756-1051.2013.00082.x},
	year = 2013,
	month = {may},
	publisher = {Wiley-Blackwell},
	volume = {31},
	number = {2},
	pages = {129-144},
	author = {Jesper Erenskjold Moeslund and Lars Arge and Peder Klith B{\o}cher and Tommy Dalgaard and Jens-Christian Svenning},
	title = {Topography as a driver of local terrestrial vascular plant diversity patterns},
	journal = {Nordic Journal of Botany}
}