@article{ID84865836197,
	doi = {10.1163/156853811x620022},
	url = {https://doi.org/10.1163%2F156853811x620022},
	year = 2012,
	month = {jan},
	publisher = {Brill Academic Publishers},
	volume = {33},
	number = {1},
	pages = {37-44},
	author = {Herv{\'{e}} Leli{\`{e}}vre and Olivier Lourdais and Pierre Legagneux and Xavier Bonnet and Gabriel Blouin-Demers},
	title = {Trophic niche overlap in two syntopic colubrid snakes (Hierophis viridiflavus and Zamenis longissimus) with contrasted lifestyles},
	journal = {Amphibia-Reptilia}
}