@article{ID84859588806,
	doi = {10.1111/j.1365-294x.2012.05505.x},
	url = {https://doi.org/10.1111%2Fj.1365-294x.2012.05505.x},
	year = 2012,
	month = {apr},
	publisher = {Wiley-Blackwell},
	volume = {21},
	number = {8},
	pages = {2031-2038},
	author = {NIGEL G. YOCCOZ},
	title = {The future of environmental DNA in ecology},
	journal = {Molecular Ecology}
}