@article{ID84856113813,
	doi = {10.1002/jwmg.276},
	url = {https://doi.org/10.1002%2Fjwmg.276},
	year = 2011,
	month = {dec},
	publisher = {Wiley-Blackwell},
	volume = {76},
	number = {2},
	pages = {308-316},
	author = {{\AA}shild {\O}. Pedersen and B{\aa}rd-J{\o}rgen B{\aa}rdsen and Nigel G. Yoccoz and Nicolas Lecomte and Eva Fuglei},
	title = {Monitoring Svalbard rock ptarmigan: Distance sampling and occupancy modeling},
	journal = {The Journal of Wildlife Management}
}