@article{ID84879543590,
	doi = {10.1371/journal.pone.0068128},
	url = {https://doi.org/10.1371%2Fjournal.pone.0068128},
	year = 2013,
	month = {jun},
	publisher = {Public Library of Science ({PLoS})},
	volume = {8},
	number = {6},
	pages = {e68128},
	author = {Eeva M. Soininen and Virve T. Ravolainen and Kari Anne Br{\aa}then and Nigel G. Yoccoz and Ludovic Gielly and Rolf A. Ims},
	editor = {Adam J. Munn},
	title = {Arctic Small Rodents Have Diverse Diets and Flexible Food Selection},
	journal = {{PLoS} {ONE}}
}