@article{ID84892509064,
	doi = {10.1890/13-0458.1},
	url = {https://doi.org/10.1890%2F13-0458.1},
	year = 2014,
	month = {jan},
	publisher = {Wiley-Blackwell},
	volume = {95},
	number = {1},
	pages = {56-67},
	author = {J.-F. Therrien and G. Gauthier and E. Korpim√§ki and J. B{\^{e}}ty},
	title = {Predation pressure by avian predators suggests summer limitation of small-mammal populations in the Canadian Arctic},
	journal = {Ecology}
}