@article{ID84986332703,
	doi = {10.1007/s11258-016-0655-0},
	url = {https://doi.org/10.1007%2Fs11258-016-0655-0},
	year = 2016,
	month = {sep},
	publisher = {Springer Nature},
	volume = {217},
	number = {10},
	pages = {1273-1290},
	author = {Luciana de Campos Franci and Jacob Nabe-Nielsen and Jens-Christian Svenning and Fernando Roberto Martins},
	title = {Short-term spatial variation in the demography of a common Neotropical liana is shaped by tree community structure and light availability},
	journal = {Plant Ecology}
}