@article{ID84914106024,
	doi = {10.1016/j.cbpa.2014.11.017},
	url = {https://doi.org/10.1016%2Fj.cbpa.2014.11.017},
	year = 2015,
	month = {mar},
	publisher = {Elsevier {BV}},
	volume = {181},
	pages = {1-8},
	author = {Cynthia D. Franci and Fran{\c{c}}ois V{\'{e}}zina and Fran{\c{c}}ois Gr{\'{e}}goire and Jean-Fran{\c{c}}ois Rail and Jonathan Verreault},
	title = {Nutritional stress in Northern gannets during an unprecedented low reproductive success year: Can extreme sea surface temperature event and dietary change be the cause?},
	journal = {Comparative Biochemistry and Physiology Part A: Molecular {\&} Integrative Physiology}
}