@article{ID84966429003,
	doi = {10.1111/2041-210x.12497},
	url = {https://doi.org/10.1111%2F2041-210x.12497},
	year = 2015,
	month = {nov},
	publisher = {Wiley-Blackwell},
	volume = {7},
	number = {5},
	pages = {518-528},
	author = {David Fouchet and Hugues Santin-Janin and Frank Sauvage and Nigel Gilles Yoccoz and Dominique Pontier},
	editor = {David Murrell},
	title = {An R package for analysing survival using continuous-time open capture-recapture models},
	journal = {Methods in Ecology and Evolution}
}