@article{ID84875421443,
	doi = {10.4039/tce.2013.15},
	url = {https://doi.org/10.4039%2Ftce.2013.15},
	year = 2013,
	month = {mar},
	publisher = {Cambridge University Press ({CUP})},
	volume = {145},
	number = {02},
	pages = {227-234},
	author = {Maria C. Leung and Donald G. Reid},
	title = {New species records for butterflies (Lepidoptera) on Herschel Island, Yukon, Canada, with notes on natural history},
	journal = {The Canadian Entomologist}
}