@article{ID84920982309,
	doi = {10.1073/pnas.1410088112},
	url = {https://doi.org/10.1073%2Fpnas.1410088112},
	year = 2014,
	month = {dec},
	publisher = {Proceedings of the National Academy of Sciences},
	volume = {112},
	number = {2},
	pages = {448-452},
	author = {Sarah C. Elmendorf and Gregory H. R. Henry and Robert D. Hollister and Anna Maria Fosaa and William A. Gould and Luise Hermanutz and Annika Hofgaard and Ingibj√∂rg S. J{\'{o}}nsd{\'{o}}ttir and Janet C. Jorgenson and Esther L{\'{e}}vesque and Borg{\th}{\'{o}}r Magnusson and Ulf Molau and Isla H. Myers-Smith and Steven F. Oberbauer and Christian Rixen and Craig E. Tweedie and Marilyn D. Walker},
	title = {Experiment, monitoring, and gradient methods used to infer climate change effects on plant communities yield consistent patterns},
	journal = {Proceedings of the National Academy of Sciences}
}