@article{ID84877729691,
	doi = {10.1038/srep01816},
	url = {https://doi.org/10.1038%2Fsrep01816},
	year = 2013,
	month = {may},
	publisher = {Springer Nature},
	volume = {3},
	number = {1},
	author = {Laura McKinnon and Erica Nol and C{\'{e}}dric Juillet},
	title = {Arctic-nesting birds find physiological relief in the face of trophic constraints},
	journal = {Scientific Reports}
}