@article{ID84869440306,
	doi = {10.1080/14888386.2012.712093},
	url = {https://doi.org/10.1080%2F14888386.2012.712093},
	year = 2012,
	month = {sep},
	publisher = {Informa {UK} Limited},
	volume = {13},
	number = {3-4},
	pages = {191-199},
	author = {Niels M. Schmidt and Ditte K. Kristensen and Anders Michelsen and Christian Bay},
	title = {High Arctic plant community responses to a decade of ambient warming},
	journal = {Biodiversity}
}