@article{ID84941024095,
	doi = {10.1111/ddi.12369},
	url = {https://doi.org/10.1111%2Fddi.12369},
	year = 2015,
	month = {aug},
	publisher = {Wiley-Blackwell},
	volume = {21},
	number = {10},
	pages = {1155-1166},
	author = {S. Faurby and J.-C. Svenning},
	editor = {George Stevens},
	title = {Historic and prehistoric human-driven extinctions have reshaped global mammal diversity patterns},
	journal = {Diversity and Distributions}
}