@article{ID84893096377,
	doi = {10.1111/conl.12024},
	url = {https://doi.org/10.1111%2Fconl.12024},
	year = 2013,
	month = {may},
	publisher = {Wiley-Blackwell},
	volume = {7},
	number = {1},
	pages = {12-24},
	author = {Finn Danielsen and Karin Pirhofer-Walzl and Teis P. Adrian and Daniel R. Kapijimpanga and Neil D. Burgess and Per M. Jensen and Rick Bonney and Mikkel Funder and Arild Landa and Nette Levermann and Jesper Madsen},
	title = {Linking public participation in scientific research to the indicators and needs of international environmental agreements},
	journal = {Conservation Letters}
}