@article{ID84869392987,
	doi = {10.1038/ncomms2123},
	url = {https://doi.org/10.1038%2Fncomms2123},
	year = 2012,
	month = {oct},
	publisher = {Springer Nature},
	volume = {3},
	pages = {1117},
	author = {Dominique Gravel and Thomas Bell and Claire Barbera and Marine Combe and Thomas Pommier and Nicolas Mouquet},
	title = {Phylogenetic constraints on ecosystem functioning},
	journal = {Nature Communications}
}