@article{ID84857405186,
	doi = {10.1080/00063657.2011.601411},
	url = {https://doi.org/10.1080%2F00063657.2011.601411},
	year = 2011,
	month = {aug},
	publisher = {Informa {UK} Limited},
	volume = {58},
	number = {4},
	pages = {522-525},
	author = {Jannik Hansen and Niels Martin Schmidt and Jeroen Reneerkens},
	title = {Egg hatchability in high Arctic breeding wader species Charadriiformes is not affected by determining incubation stage using the egg flotation technique},
	journal = {Bird Study}
}