@article{ID84859339546,
	doi = {10.1016/j.biocon.2012.02.008},
	url = {https://doi.org/10.1016%2Fj.biocon.2012.02.008},
	year = 2012,
	month = {may},
	publisher = {Elsevier {BV}},
	volume = {149},
	number = {1},
	pages = {2-5},
	author = {Rolf A. Ims and John-Andr{\'{e}} Henden},
	title = {Collapse of an arctic bird community resulting from ungulate-induced loss of erect shrubs},
	journal = {Biological Conservation}
}