@article{ID84939438855,
	doi = {10.1007/s11258-014-0376-1},
	url = {https://doi.org/10.1007%2Fs11258-014-0376-1},
	year = 2014,
	month = {jul},
	publisher = {Springer Nature},
	volume = {215},
	number = {10},
	pages = {1173-1185},
	author = {C{\'{\i}}ntia Gomes de Freitas and Cristian de Sales Dambros and Wolf Lukas Eiserhardt and Fl{\'{a}}via Regina Capellotto Costa and Jens-Christian Svenning and Henrik Balslev},
	title = {Phylogenetic structure of a palm community in the central Amazon: changes along a hydro-edaphic gradient},
	journal = {Plant Ecology}
}