@article{ID84896055063,
	doi = {10.1007/s10344-013-0766-z},
	url = {https://doi.org/10.1007%2Fs10344-013-0766-z},
	year = 2013,
	month = {oct},
	publisher = {Springer Nature},
	volume = {60},
	number = {2},
	pages = {201-212},
	author = {{\AA}. {\O}. Pedersen and E. M. Soininen and S. Unander and M. H. Willebrand and E. Fuglei},
	title = {Experimental harvest reveals the importance of territoriality in limiting the breeding population of Svalbard rock ptarmigan},
	journal = {European Journal of Wildlife Research}
}