@article{ID84857698527,
	doi = {10.1088/1748-9326/7/1/015501},
	url = {https://doi.org/10.1088%2F1748-9326%2F7%2F1%2F015501},
	year = 2012,
	month = {jan},
	publisher = {{IOP} Publishing},
	volume = {7},
	number = {1},
	pages = {015501},
	author = {P Ropars and S Boudreau},
	title = {Shrub expansion at the foresttundra ecotone: Spatial heterogeneity linked to local topography},
	journal = {Environmental Research Letters}
}