@article{ID84880508928,
	doi = {10.1007/s00300-013-1332-6},
	url = {https://doi.org/10.1007%2Fs00300-013-1332-6},
	year = 2013,
	month = {may},
	publisher = {Springer Nature},
	volume = {36},
	number = {8},
	pages = {1097-1105},
	author = {Meagan M. Grabowski and Frank I. Doyle and Donald G. Reid and Dave Mossop and Darielle Talarico},
	title = {Do Arctic-nesting birds respond to earlier snowmelt? A multi-species study in north Yukon, Canada},
	journal = {Polar Biology}
}