@article{ID84971013405,
	doi = {10.1007/s00360-016-1001-5},
	url = {https://doi.org/10.1007%2Fs00360-016-1001-5},
	year = 2016,
	month = {may},
	publisher = {Springer Nature},
	volume = {186},
	number = {7},
	pages = {919-935},
	author = {Karine Dubois and Fanny Hallot and Fran{\c{c}}ois V{\'{e}}zina},
	title = {Basal and maximal metabolic rates differ in their response to rapid temperature change among avian species},
	journal = {Journal of Comparative Physiology B}
}