@article{ID84871927214,
	doi = {10.1016/j.biocon.2011.12.010},
	url = {https://doi.org/10.1016%2Fj.biocon.2011.12.010},
	year = 2012,
	month = {nov},
	publisher = {Elsevier {BV}},
	volume = {156},
	pages = {43-52},
	author = {W. James Grecian and Matthew J. Witt and Martin J. Attrill and Stuart Bearhop and Brendan J. Godley and David Gr{\'{e}}millet and Keith C. Hamer and Stephen C. Votier},
	title = {A novel projection technique to identify important at-sea areas for seabird conservation: An example using Northern gannets breeding in the North East Atlantic},
	journal = {Biological Conservation}
}