@article{ID84877913778,
	doi = {10.1111/ele.12104},
	url = {https://doi.org/10.1111%2Fele.12104},
	year = 2013,
	month = {may},
	publisher = {Wiley-Blackwell},
	volume = {16},
	pages = {94-105},
	author = {Wilfried Thuiller and Tamara Münkemüller and S{\'{e}}bastien Lavergne and David Mouillot and Nicolas Mouquet and Katja Schiffers and Dominique Gravel},
	editor = {Marcel Holyoak},
	title = {A road map for integrating eco-evolutionary processes into biodiversity models},
	journal = {Ecology Letters},
	number = {SUPPL.1}
}