@article{ID84996553949,
	doi = {10.1007/s00442-016-3774-3},
	url = {https://doi.org/10.1007%2Fs00442-016-3774-3},
	year = 2016,
	month = {nov},
	publisher = {Springer Nature},
	volume = {183},
	number = {2},
	pages = {353-365},
	author = {Graham H. Sorenson and Cody J. Dey and Christine L. Madliger and Oliver P. Love},
	title = {Effectiveness of baseline corticosterone as a monitoring tool for fitness: a meta-analysis in seabirds},
	journal = {Oecologia}
}