@article{ID84893574514,
	doi = {10.1038/nature12921},
	url = {https://doi.org/10.1038%2Fnature12921},
	year = 2014,
	month = {feb},
	publisher = {Springer Nature},
	volume = {506},
	number = {7486},
	pages = {47-51},
	author = {Eske Willerslev and John Davison and Mari Moora and Martin Zobel and Eric Coissac and Mary E. Edwards and Eline D. Lorenzen and Mette Vesterg{\aa}rd and Galina Gussarova and James Haile and Joseph Craine and Ludovic Gielly and Sanne Boessenkool and Laura S. Epp and Peter B. Pearman and Rachid Cheddadi and David Murray and Kari Anne Br{\aa}then and Nigel Yoccoz and Heather Binney and Corinne Cruaud and Patrick Wincker and Tomasz Goslar and Inger Greve Alsos and Eva Bellemain and Anne Krag Brysting and Reidar Elven and J{\o}rn Henrik S{\o}nsteb{\o} and Julian Murton and Andrei Sher and Morten Rasmussen and Regin R{\o}nn and Tobias Mourier and Alan Cooper and Jeremy Austin and Per MÃ¶ller and Duane Froese and Grant Zazula and Fran{\c{c}}ois Pompanon and Delphine Rioux and Vincent Niderkorn and Alexei Tikhonov and Grigoriy Savvinov and Richard G. Roberts and Ross D. E. MacPhee and M. Thomas P. Gilbert and Kurt H. Kj{\ae}r and Ludovic Orlando and Christian Brochmann and Pierre Taberlet},
	title = {Fifty thousand years of Arctic vegetation and megafaunal diet},
	journal = {Nature}
}