@article{ID84960193149,
	doi = {10.1111/2041-210x.12548},
	url = {https://doi.org/10.1111%2F2041-210x.12548},
	year = 2016,
	month = {mar},
	publisher = {Wiley-Blackwell},
	volume = {7},
	number = {8},
	pages = {960-965},
	author = {Gregory R. Goldsmith and Naia Morueta-Holme and Brody Sandel and Eric D. Fitz and Samuel D. Fitz and Brad Boyle and Nathan Casler and Kristine Engemann and Peter M. J{\o}rgensen and Nathan J. B. Kraft and Brian McGill and Robert K. Peet and William H. Piel and Nick Spencer and Jens-Christian Svenning and Barbara M. Thiers and Cyrille Violle and Susan K. Wiser and Brian J. Enquist},
	editor = {Robert Freckleton},
	title = {Plant-O-Matic: a dynamic and mobile guide to all plants of the Americas},
	journal = {Methods in Ecology and Evolution}
}