@article{ID84866467326,
	doi = {10.1111/j.1474-919x.2012.01262.x},
	url = {https://doi.org/10.1111%2Fj.1474-919x.2012.01262.x},
	year = 2012,
	month = {sep},
	publisher = {Wiley-Blackwell},
	volume = {154},
	number = {4},
	pages = {791-802},
	author = {Cl{\'{e}}ment Mandin and Fran{\c{c}}ois V{\'{e}}zina},
	editor = {Dawson Alistair},
	title = {Daily variation in markers of nutritional condition in wintering Black-capped Chickadees Poecile atricapillus},
	journal = {Ibis}
}