@article{ID84948718012,
	doi = {10.1111/1365-2664.12453},
	url = {https://doi.org/10.1111%2F1365-2664.12453},
	year = 2015,
	month = {jun},
	publisher = {Wiley-Blackwell},
	volume = {52},
	number = {4},
	pages = {902-912},
	author = {Ra{\'{u}}l Garc{\'{\i}}a-Vald{\'{e}}s and Jens-Christian Svenning and Miguel A. Zavala and Drew W. Purves and Miguel B. Ara{\'{u}}jo},
	editor = {Santiago Saura},
	title = {Evaluating the combined effects of climate and land-use change on tree species distributions},
	journal = {Journal of Applied Ecology}
}