@article{ID84939217397,
	doi = {10.1642/auk-13-247.1},
	url = {https://doi.org/10.1642%2Fauk-13-247.1},
	year = 2014,
	month = {apr},
	publisher = {American Ornithologists{\textquotesingle} Union},
	volume = {131},
	number = {2},
	pages = {235-247},
	author = {Jeroen Reneerkens and Pieter van Veelen and Marco van der Velde and Pieternella Luttikhuizen and Theunis Piersma},
	title = {Within-population variation in mating system and parental care patterns in the Sanderling (Calidris alba) in northeast Greenland},
	journal = {The Auk}
}