@article{ID84960374968,
	doi = {10.1093/jmammal/gyv150},
	url = {https://doi.org/10.1093%2Fjmammal%2Fgyv150},
	year = 2015,
	month = {sep},
	publisher = {Oxford University Press ({OUP})},
	volume = {97},
	number = {1},
	pages = {32-40},
	author = {Petra Villette and Charles J. Krebs and Thomas S. Jung and Rudy Boonstra},
	title = {Can camera trapping provide accurate estimates of small mammal (Myodes rutilus and Peromyscus maniculatus) density in the boreal forest?},
	journal = {Journal of Mammalogy}
}