@article{ID84962226538,
	doi = {10.1002/wsb.596},
	url = {https://doi.org/10.1002%2Fwsb.596},
	year = 2015,
	month = {sep},
	publisher = {Wiley-Blackwell},
	volume = {39},
	number = {4},
	pages = {772-779},
	author = {Michelle A. LaRue and Seth Stapleton and Claire Porter and Stephen Atkinson and Todd Atwood and Markus Dyck and Nicolas Lecomte},
	title = {Testing methods for using high-resolution satellite imagery to monitor polar bear abundance and distribution},
	journal = {Wildlife Society Bulletin}
}