@article{ID84988856252,
	doi = {10.1002/ece3.2361},
	url = {https://doi.org/10.1002%2Fece3.2361},
	year = 2016,
	month = {sep},
	publisher = {Wiley-Blackwell},
	volume = {6},
	number = {20},
	pages = {7375-7386},
	author = {Jeroen Reneerkens and Niels Martin Schmidt and Olivier Gilg and Jannik Hansen and Lars Holst Hansen and J{\'{e}}r{\^{o}}me Moreau and Theunis Piersma},
	title = {Effects of food abundance and early clutch predation on reproductive timing in a high Arctic shorebird exposed to advancements in arthropod abundance},
	journal = {Ecology and Evolution}
}