@article{ID84908003775,
	doi = {10.1016/j.dsr2.2013.06.023},
	url = {https://doi.org/10.1016%2Fj.dsr2.2013.06.023},
	year = 2014,
	month = {sep},
	publisher = {Elsevier {BV}},
	volume = {107},
	pages = {77-84},
	author = {Philippe S. Sabarros and David Gr{\'{e}}millet and Herv{\'{e}} Demarcq and Christina Moseley and Lorien Pichegru and Ralf H. E. Mullers and Nils C. Stenseth and Eric Machu},
	title = {Fine-scale recognition and use of mesoscale fronts by foraging Cape gannets in the Benguela upwelling region},
	journal = {Deep Sea Research Part {II}: Topical Studies in Oceanography}
}