@article{ID84930411390,
	doi = {10.1111/oik.01671},
	url = {https://doi.org/10.1111%2Foik.01671},
	year = 2015,
	month = {feb},
	publisher = {Wiley-Blackwell},
	volume = {124},
	number = {6},
	pages = {796-805},
	author = {Donald L. DeAngelis and John P. Bryant and Rongsong Liu and Stephen A. Gourley and Charles J. Krebs and Paul B. Reichardt},
	title = {A plant toxin mediated mechanism for the lag in snowshoe hare population recovery following cyclic declines},
	journal = {Oikos}
}