@article{ID84882612427,
	doi = {10.1016/j.flora.2013.07.007},
	url = {https://doi.org/10.1016%2Fj.flora.2013.07.007},
	year = 2013,
	month = {jul},
	publisher = {Elsevier {BV}},
	volume = {208},
	number = {7},
	pages = {453-463},
	author = {Abel Gizaw and Mulugeta Kebede and Sileshi Nemomissa and Dorothee Ehrich and Biructawit Bekele and Virginia Mirr{\'{e}} and Magnus Popp and Christian Brochmann},
	title = {Phylogeography of the heathers Erica arborea and E. trimera in the afro-alpine 'sky islands' inferred from AFLPs and plastid DNA sequences},
	journal = {Flora - Morphology, Distribution, Functional Ecology of Plants}
}