@article{ID84939186880,
	doi = {10.1016/j.ecolmodel.2015.07.017},
	url = {https://doi.org/10.1016%2Fj.ecolmodel.2015.07.017},
	year = 2016,
	month = {jan},
	publisher = {Elsevier {BV}},
	volume = {319},
	pages = {190-207},
	author = {Katrine Grace Turner and Sharolyn Anderson and Mauricio Gonzales-Chang and Robert Costanza and Sasha Courville and Tommy Dalgaard and Estelle Dominati and Ida Kubiszewski and Sue Ogilvy and Luciana Porfirio and Nazmun Ratna and Harpinder Sandhu and Paul C. Sutton and Jens-Christian Svenning and Graham Mark Turner and Yann-David Varennes and Alexey Voinov and Stephen Wratten},
	title = {A review of methods, data, and models to assess changes in the value of ecosystem services from land degradation and restoration},
	journal = {Ecological Modelling}
}