@article{ID84921873386,
	doi = {10.1007/s00300-013-1434-1},
	url = {https://doi.org/10.1007%2Fs00300-013-1434-1},
	year = 2013,
	month = {dec},
	publisher = {Springer Nature},
	volume = {37},
	number = {3},
	pages = {333-345},
	author = {Daniel Gallant and Donald G. Reid and Brian G. Slough and Dominique Berteaux},
	title = {Natal den selection by sympatric arctic and red foxes on Herschel Island, Yukon, Canada},
	journal = {Polar Biology}
}