@article{ID84941898214,
	doi = {10.3390/ijms160922541},
	url = {https://doi.org/10.3390%2Fijms160922541},
	year = 2015,
	month = {sep},
	publisher = {{MDPI} {AG}},
	volume = {16},
	number = {9},
	pages = {22541-22554},
	author = {Siv Aarnes and Ida Fl{\o}ystad and Julia Schregel and Ole Vindstad and Jane Jepsen and Hans Eiken and Rolf Ims and Snorre Hagen},
	title = {Identification and evaluation of 21 novel microsatellite markers from the autumnal moth (Epirrita autumnata) (Lepidoptera: Geometridae)},
	journal = {International Journal of Molecular Sciences}
}