@article{ID84888307950,
	doi = {10.1080/15659801.2013.823749},
	url = {https://doi.org/10.1080%2F15659801.2013.823749},
	year = 2013,
	month = {mar},
	publisher = {Brill Academic Publishers},
	volume = {59},
	number = {1},
	pages = {27-36},
	author = {Robert D. Holt and Erin Taylor and Manojit Roy and Michael Barfield},
	title = {Unstable predator-prey dynamics permits the coexistence of generalist and specialist predators, and the maintenance of partial preferences},
	journal = {Israel Journal of Ecology {\&} Evolution}
}