@article{ID84904254321,
	doi = {10.14430/arctic4350},
	url = {https://doi.org/10.14430%2Farctic4350},
	year = 2014,
	month = {jan},
	publisher = {The Arctic Institute of North America},
	volume = {67},
	number = {5},
	pages = {71},
	author = {Charles J. Krebs and Rudy Boonstra and Stan Boutin and Anthony R. E. Sinclair and James N. M. Smith and B. Scott Gilbert and Kathy Martin and Mark O{\textquotesingle}Donoghue and Roy Turkington},
	title = {Trophic dynamics of the boreal forests of the Kluane region},
	journal = {{ARCTIC}}
}