@article{ID84913607041,
	doi = {10.1111/ecog.00580},
	url = {https://doi.org/10.1111%2Fecog.00580},
	year = 2014,
	month = {mar},
	publisher = {Wiley-Blackwell},
	volume = {37},
	number = {12},
	pages = {1184-1197},
	author = {R. S. Snell and A. Huth and J. E. M. S. Nabel and G. Bocedi and J. M. J. Travis and D. Gravel and H. Bugmann and A. G. Guti{\'{e}}rrez and T. Hickler and S. I. Higgins and B. Reineking and M. Scherstjanoi and N. Zurbriggen and H. Lischke},
	title = {Using dynamic vegetation models to simulate plant range shifts},
	journal = {Ecography}
}