@article{ID84877757579,
	doi = {10.1007/s10021-012-9629-9},
	url = {https://doi.org/10.1007%2Fs10021-012-9629-9},
	year = 2012,
	month = {dec},
	publisher = {Springer Nature},
	volume = {16},
	number = {4},
	pages = {561-575},
	author = {Jane U. Jepsen and Martin Biuw and Rolf A. Ims and Lauri Kapari and Tino Schott and Ole Petter L. Vindstad and Snorre B. Hagen},
	title = {Ecosystem Impacts of a Range Expanding Forest Defoliator at the Forest-Tundra Ecotone},
	journal = {Ecosystems}
}