@article{ID84892531771,
	doi = {10.1007/s00300-013-1423-4},
	url = {https://doi.org/10.1007%2Fs00300-013-1423-4},
	year = 2013,
	month = {nov},
	publisher = {Springer Nature},
	volume = {37},
	number = {2},
	pages = {193-203},
	author = {Jean-R{\'{e}}mi Julien and Pierre Legagneux and Gilles Gauthier and R. I. Guy Morrison and Jean-Fran{\c{c}}ois Therrien and JoÃ«l B{\^{e}}ty},
	title = {Contribution of allochthonous resources to breeding in a high-arctic avian predator},
	journal = {Polar Biology}
}