@article{ID84890275566,
	doi = {10.1111/jbi.12245},
	url = {https://doi.org/10.1111%2Fjbi.12245},
	year = 2013,
	month = {dec},
	publisher = {Wiley-Blackwell},
	volume = {41},
	number = {1},
	pages = {6-7},
	author = {Richard Field and Jens-Christian Svenning},
	editor = {Robert J. Whittaker},
	title = {Tropical diversity and the energetic ecology of the Red Queen},
	journal = {Journal of Biogeography}
}