@article{ID84985379466,
	doi = {10.1111/j.1469-7998.1976.tb04692.x},
	url = {https://doi.org/10.1111%2Fj.1469-7998.1976.tb04692.x},
	year = 2009,
	month = {aug},
	publisher = {Wiley-Blackwell},
	volume = {180},
	number = {4},
	pages = {467-476},
	author = {Rudy Boonstra and Charles J. Krebs},
	title = {The effect of odour on trap response in Microtus townsendii},
	journal = {Journal of Zoology}
}