@article{ID84954349459,
	doi = {10.1016/j.quaint.2015.10.039},
	url = {https://doi.org/10.1016%2Fj.quaint.2015.10.039},
	year = 2017,
	month = {feb},
	publisher = {Elsevier {BV}},
	volume = {431},
	pages = {88-103},
	author = {Trine Kellberg Nielsen and Blas M. Benito and Jens-Christian Svenning and Brody Sandel and Luseadra McKerracher and Felix Riede and Peter C. Kj{\ae}rgaard},
	title = {Investigating Neanderthal dispersal above 55Â°N in Europe during the Last Interglacial Complex},
	journal = {Quaternary International}
}