@article{ID84864234514,
	doi = {10.1890/11-1973.1},
	url = {https://doi.org/10.1890%2F11-1973.1},
	year = 2012,
	month = {jul},
	publisher = {Wiley-Blackwell},
	volume = {93},
	number = {7},
	pages = {1707-1716},
	author = {P. Legagneux and G. Gauthier and D. Berteaux and J. B{\^{e}}ty and M.-C. Cadieux and F. Bilodeau and E. Bolduc and L. McKinnon and A. Tarroux and J.-F. Therrien and L. Morissette and C. J. Krebs},
	title = {Disentangling trophic relationships in a High Arctic tundra ecosystem through food web modeling},
	journal = {Ecology}
}