@article{ID84994140711,
	doi = {10.1080/11956860.2016.1212684},
	url = {https://doi.org/10.1080%2F11956860.2016.1212684},
	year = 2016,
	month = {apr},
	publisher = {Informa {UK} Limited},
	volume = {23},
	number = {1-2},
	pages = {29-39},
	author = {Helen B. Anderson and James D. M. Speed and Jesper Madsen and {\AA}shild {\O}. Pedersen and Ingunn M. Tombre and Ren{\'{e}} van der Wal},
	title = {Late Snow Melt Moderates Herbivore Disturbance of the Arctic Tundra},
	journal = {{\'{E}}coscience}
}