@article{ID84987654878,
	doi = {10.1080/15659801.2015.1118844},
	url = {https://doi.org/10.1080%2F15659801.2015.1118844},
	year = 2016,
	month = {aug},
	publisher = {Brill Academic Publishers},
	volume = {62},
	number = {1-2},
	pages = {15-22},
	author = {Robert D. Holt},
	title = {Green roofs may cast shadows},
	journal = {Israel Journal of Ecology {\&} Evolution}
}