@article{ID84867679158,
	doi = {10.1007/s10584-012-0483-8},
	url = {https://doi.org/10.1007%2Fs10584-012-0483-8},
	year = 2012,
	month = {jun},
	publisher = {Springer Nature},
	volume = {115},
	number = {1},
	pages = {179-205},
	author = {G{\'{e}}rald Darnis and Dominique Robert and Corinne Pomerleau and Heike Link and Philippe Archambault and R. John Nelson and Maxime Geoffroy and Jean-{\'{E}}ric Tremblay and Connie Lovejoy and Steve H. Ferguson and Brian P. V. Hunt and Louis Fortier},
	title = {Current state and trends in Canadian Arctic marine ecosystems: II. Heterotrophic food web, pelagic-benthic coupling, and biodiversity},
	journal = {Climatic Change}
}