@article{ID84971654657,
	doi = {10.1016/j.envpol.2016.05.056},
	url = {https://doi.org/10.1016%2Fj.envpol.2016.05.056},
	year = 2016,
	month = {sep},
	publisher = {Elsevier {BV}},
	volume = {216},
	pages = {264-272},
	author = {Heli Routti and Martin S. Andersen and Eva Fuglei and Anuschka Polder and Nigel G. Yoccoz},
	title = {Concentrations and patterns of hydroxylated polybrominated diphenyl ethers and polychlorinated biphenyls in arctic foxes (Vulpes lagopus) from Svalbard},
	journal = {Environmental Pollution}
}