@article{ID84931076748,
	doi = {10.1071/wr15094},
	url = {https://doi.org/10.1071%2Fwr15094},
	year = 2015,
	publisher = {{CSIRO} Publishing},
	volume = {42},
	number = {2},
	pages = {83},
	author = {Grant R. Singleton and Jens Jacob and Charles J. Krebs and Ara Monadjem},
	title = {A meeting of mice and men: Rodent impacts on food security, human diseases and wildlife conservation; Ecosystem benefits; Fascinating biological models},
	journal = {Wildlife Research}
}