@article{ID84912076578,
	doi = {10.1111/1365-2664.12328},
	url = {https://doi.org/10.1111%2F1365-2664.12328},
	year = 2014,
	month = {sep},
	publisher = {Wiley-Blackwell},
	volume = {51},
	number = {6},
	pages = {1525-1533},
	author = {John-Andr{\'{e}} Henden and Audun Stien and B{\aa}rd-J{\o}rgen B{\aa}rdsen and Nigel G. Yoccoz and Rolf A. Ims},
	editor = {Matthew Hayward},
	title = {Community-wide mesocarnivore response to partial ungulate migration},
	journal = {Journal of Applied Ecology}
}