@article{ID84920122612,
	doi = {10.1675/063.037.0406},
	url = {https://doi.org/10.1675%2F063.037.0406},
	year = 2014,
	month = {dec},
	publisher = {Waterbird Society},
	volume = {37},
	number = {4},
	pages = {394-401},
	author = {Melanie Dickie and Paul A. Smith and H. Grant Gilchrist},
	title = {The importance of survey timing on shorebird density estimates at east bay, Nunavut, Canada},
	journal = {Waterbirds}
}