@article{ID84863725612,
	doi = {10.1111/j.1365-294x.2012.05525.x},
	url = {https://doi.org/10.1111%2Fj.1365-294x.2012.05525.x},
	year = 2012,
	month = {mar},
	publisher = {Wiley-Blackwell},
	volume = {21},
	number = {14},
	pages = {3391-3402},
	author = {VERONICA NYSTRÖM and JOANNE HUMPHREY and PONTUS SKOGLUND and NIALL J. McKEOWN and SERGEY VARTANYAN and PAUL W. SHAW and KERSTIN LID{\'{E}}N and MATTIAS JAKOBSSON and IAN BARNES and ANDERS ANGERBJÖRN and ADRIAN LISTER and LOVE DAL{\'{E}}N},
	title = {Microsatellite genotyping reveals end-Pleistocene decline in mammoth autosomal genetic variation},
	journal = {Molecular Ecology}
}