@article{ID84937838109,
	doi = {10.1016/j.biocon.2015.01.016},
	url = {https://doi.org/10.1016%2Fj.biocon.2015.01.016},
	year = 2015,
	month = {aug},
	publisher = {Elsevier {BV}},
	volume = {188},
	pages = {32-40},
	author = {Luiz dos Anjos and Cathy D. Collins and Robert D. Holt and Graziele H. Volpato and Edson V. Lopes and Gabriela M. Bochio},
	title = {Can habitat specialization patterns of Neotropical birds highlight vulnerable areas for conservation in the Atlantic rainforest, southern Brazil?},
	journal = {Biological Conservation}
}