@article{ID84872474193,
	doi = {10.1126/science.1226766},
	url = {https://doi.org/10.1126%2Fscience.1226766},
	year = 2013,
	month = {jan},
	publisher = {American Association for the Advancement of Science ({AAAS})},
	volume = {339},
	number = {6117},
	pages = {313-315},
	author = {B. B. Hansen and V. Grotan and R. Aanes and B.-E. Saether and A. Stien and E. Fuglei and R. A. Ims and N. G. Yoccoz and A. O. Pedersen},
	title = {Climate events synchronize the dynamics of a resident vertebrate community in the high arctic},
	journal = {Science}
}