@article{ID84949536137,
	doi = {10.1016/j.mbs.2015.04.010},
	url = {https://doi.org/10.1016%2Fj.mbs.2015.04.010},
	year = 2015,
	month = {dec},
	publisher = {Elsevier {BV}},
	volume = {270},
	pages = {249-262},
	author = {Michael Barfield and Maria E. Orive and Robert D. Holt},
	title = {The role of pathogen shedding in linking within- and between-host pathogen dynamics},
	journal = {Mathematical Biosciences}
}