@article{ID84937968789,
	doi = {10.1007/s10021-015-9867-8},
	url = {https://doi.org/10.1007%2Fs10021-015-9867-8},
	year = 2015,
	month = {mar},
	publisher = {Springer Nature},
	volume = {18},
	number = {5},
	pages = {839-856},
	author = {Stine H{\o}jlund Pedersen and Glen E. Liston and Mikkel P. Tamstorf and Andreas Westergaard-Nielsen and Niels Martin Schmidt},
	title = {Quantifying episodic snowmelt events in arctic ecosystems},
	journal = {Ecosystems}
}