@article{ID84918828579,
	doi = {10.1111/ddi.12273},
	url = {https://doi.org/10.1111%2Fddi.12273},
	year = 2014,
	month = {oct},
	publisher = {Wiley-Blackwell},
	volume = {21},
	number = {1},
	pages = {88-100},
	author = {Aurore Ponchon and Romain Garnier and David Gr{\'{e}}millet and Thierry Boulinier},
	editor = {Risto Heikkinen},
	title = {Predicting population responses to environmental change: The importance of considering informed dispersal strategies in spatially structured population models},
	journal = {Diversity and Distributions}
}