@article{ID84955588222,
	doi = {10.1016/j.anbehav.2015.12.021},
	url = {https://doi.org/10.1016%2Fj.anbehav.2015.12.021},
	year = 2016,
	month = {mar},
	publisher = {Elsevier {BV}},
	volume = {113},
	pages = {99-112},
	author = {Arnaud Tarroux and Henri Weimerskirch and Sheng-Hung Wang and David H. Bromwich and Yves Cherel and Akiko Kato and Yan Ropert-Coudert and {\O}ystein Varpe and Nigel G. Yoccoz and S{\'{e}}bastien Descamps},
	title = {Flexible flight response to challenging wind conditions in a commuting Antarctic seabird: Do you catch the drift?},
	journal = {Animal Behaviour}
}