@article{ID84993946939,
	doi = {10.2981/wlb.00219},
	url = {https://doi.org/10.2981%2Fwlb.00219},
	year = 2016,
	month = {nov},
	publisher = {Wildlife Biology},
	volume = {22},
	number = {6},
	pages = {253-267},
	author = {Niels M. Schmidt and Floris M. van Beest and Jesper B. Mosbacher and Mikkel Stelvig and Lars H. Hansen and Jacob Nabe-Nielsen and Carsten Gr{\o}ndahl},
	title = {Ungulate movement in an extreme seasonal environment: Year-round movement patterns of high-arctic muskoxen},
	journal = {Wildlife Biology}
}