@article{ID84867140552,
	doi = {10.1111/j.1469-185x.2012.00224.x},
	url = {https://doi.org/10.1111%2Fj.1469-185x.2012.00224.x},
	year = 2012,
	month = {mar},
	publisher = {Wiley-Blackwell},
	volume = {87},
	number = {4},
	pages = {769-785},
	author = {Nicolas Mouquet and Vincent Devictor and Christine N. Meynard and Francois Munoz and Louis-F{\'{e}}lix Bersier and J{\'{e}}r{\^{o}}me Chave and Pierre Couteron and Ambroise Dalecky and Colin Fontaine and Dominique Gravel and Olivier J. Hardy and Franck Jabot and S{\'{e}}bastien Lavergne and Mathew Leibold and David Mouillot and Tamara Münkemüller and Sandrine Pavoine and Andreas Prinzing and Ana S. L. Rodrigues and Rudolf P. Rohr and Elisa Th{\'{e}}bault and Wilfried Thuiller},
	title = {Ecophylogenetics: Advances and perspectives},
	journal = {Biological Reviews}
}