@article{ID84861929687,
	doi = {10.1111/j.1399-3054.2012.01596.x},
	url = {https://doi.org/10.1111%2Fj.1399-3054.2012.01596.x},
	year = 2012,
	month = {mar},
	publisher = {Wiley-Blackwell},
	volume = {145},
	number = {3},
	pages = {485-500},
	author = {Kristian R. Albert and Teis N. Mikkelsen and Helge Ro-Poulsen and Marie F. Arndal and Kristine Boesgaard and Anders Michelsen and Dan Bruhn and Niels M. Schmidt},
	title = {Solar UV-B effects on PSII performance in Betula nana are influenced by PAR level and reduced by EDU: Results of a 3-year experiment in the High Arctic},
	journal = {Physiologia Plantarum}
}