@article{ID84960888359,
	doi = {10.1111/mec.13564},
	url = {https://doi.org/10.1111%2Fmec.13564},
	year = 2016,
	month = {mar},
	publisher = {Wiley-Blackwell},
	volume = {25},
	number = {7},
	pages = {1581-1594},
	author = {Eero J. Vesterinen and Lasse Ruokolainen and Niklas Wahlberg and Carlos Pe{\~{n}}a and Tomas Roslin and Veronika N. Laine and Ville Vasko and Ilari E. Sääksjärvi and Kai Norrdahl and Thomas M. Lilley},
	title = {What you need is what you eat? Prey selection by the bat Myotis daubentonii},
	journal = {Molecular Ecology}
}