@article{ID84924716068,
	doi = {10.1111/avsc.12133},
	url = {https://doi.org/10.1111%2Favsc.12133},
	year = 2014,
	month = {sep},
	publisher = {Wiley-Blackwell},
	volume = {18},
	number = {2},
	pages = {283-296},
	author = {Francisca Alba-S{\'{a}}nchez and Jos{\'{e}} Antonio L{\'{o}}pez-S{\'{a}}ez and Diego Nieto-Lugilde and Jens-Christian Svenning},
	editor = {Duccio Rocchini},
	title = {Long-term climate forcings to assess vulnerability in North Africa dry argan woodlands},
	journal = {Applied Vegetation Science}
}