@article{ID84910011964,
	doi = {10.1111/jav.00426},
	url = {https://doi.org/10.1111%2Fjav.00426},
	year = 2014,
	month = {jun},
	publisher = {Wiley-Blackwell},
	volume = {45},
	number = {6},
	pages = {536-544},
	author = {J.-F. Therrien and G. Gauthier and D. Pinaud and J. B{\^{e}}ty},
	title = {Irruptive movements and breeding dispersal of snowy owls: A specialized predator exploiting a pulsed resource},
	journal = {Journal of Avian Biology}
}