@article{ID84888081807,
	doi = {10.1111/jofo.12038},
	url = {https://doi.org/10.1111%2Fjofo.12038},
	year = 2013,
	month = {nov},
	publisher = {Wiley-Blackwell},
	volume = {84},
	number = {4},
	pages = {389-402},
	author = {H. River Gates and Stephen Yezerinac and Abby N. Powell and Pavel S. Tomkovich and Olga P. Valchuk and Richard B. Lanctot},
	title = {Differentiation of subspecies and sexes of Beringian Dunlins using morphometric measures},
	journal = {Journal of Field Ornithology}
}