@article{ID84858700041,
	doi = {10.1111/j.1365-2699.2011.02612.x},
	url = {https://doi.org/10.1111%2Fj.1365-2699.2011.02612.x},
	year = 2011,
	month = {oct},
	publisher = {Wiley-Blackwell},
	volume = {39},
	number = {4},
	pages = {760-771},
	author = {Andr{\'{e}}s Baselga and Jorge M. Lobo and Jens-Christian Svenning and Miguel B. Ara{\'{u}}jo},
	title = {Global patterns in the shape of species geographical ranges reveal range determinants},
	journal = {Journal of Biogeography}
}