@article{ID84874355553,
	doi = {10.1016/j.foreco.2012.12.041},
	url = {https://doi.org/10.1016%2Fj.foreco.2012.12.041},
	year = 2013,
	month = {may},
	publisher = {Elsevier {BV}},
	volume = {295},
	pages = {109-117},
	author = {David Beaune and Barbara Fruth and Lo√Øc Bollache and Gottfried Hohmann and Fran{\c{c}}ois Bretagnolle},
	title = {Doom of the elephant-dependent trees in a Congo tropical forest},
	journal = {Forest Ecology and Management}
}