@article{ID84924289875,
	doi = {10.1002/jez.1908},
	url = {https://doi.org/10.1002%2Fjez.1908},
	year = 2015,
	month = {feb},
	publisher = {Wiley-Blackwell},
	volume = {323},
	number = {3},
	pages = {179-190},
	author = {Pablo Andr{\'{e}}s Cort{\'{e}}s and Magali Petit and Agn{\`{e}}s Lewden and Myriam Milbergue and Fran{\c{c}}ois V{\'{e}}zina},
	title = {Individual inconsistencies in basal and summit metabolic rate highlight flexibility of metabolic performance in a wintering passerine},
	journal = {Journal of Experimental Zoology Part A: Ecological Genetics and Physiology}
}