@article{ID84966925865,
	doi = {10.1038/srep25546},
	url = {https://doi.org/10.1038%2Fsrep25546},
	year = 2016,
	month = {may},
	publisher = {Springer Nature},
	volume = {6},
	number = {1},
	author = {Rub{\'{e}}n G. Mateo and Olivier Broennimann and Signe Normand and Blaise Petitpierre and Miguel B. Ara{\'{u}}jo and Jens-C. Svenning and Andr{\'{e}}s Baselga and Federico Fern{\'{a}}ndez-Gonz{\'{a}}lez and Virgilio G{\'{o}}mez-Rubio and Jes{\'{u}}s Mu{\~{n}}oz and Guillermo M. Suarez and Miska Luoto and Antoine Guisan and Alain Vanderpoorten},
	title = {The mossy north: An inverse latitudinal diversity gradient in European bryophytes},
	journal = {Scientific Reports}
}