@article{ID84927910011,
	doi = {10.1111/aec.12207},
	url = {https://doi.org/10.1111%2Faec.12207},
	year = 2015,
	month = {jan},
	publisher = {Wiley-Blackwell},
	volume = {40},
	number = {3},
	pages = {213-224},
	author = {David B. Lindenmayer and Emma L. Burns and Philip Tennant and Chris R. Dickman and Peter T. Green and David A. Keith and Daniel J. Metcalfe and Jeremy Russell-Smith and Glenda M. Wardle and Dick Williams and Karl Bossard and Claire deLacey and Ivan Hanigan and C. Michael Bull and Graeme Gillespie and Richard J. Hobbs and Charles J. Krebs and Gene E. Likens and John Porter and Michael Vardon},
	title = {Contemplating the future: Acting now on long-term monitoring to answer 2050's questions},
	journal = {Austral Ecology}
}