@article{ID84956948961,
	doi = {10.1007/s10336-014-1137-6},
	url = {https://doi.org/10.1007%2Fs10336-014-1137-6},
	year = 2014,
	month = {nov},
	publisher = {Springer Nature},
	volume = {156},
	number = {2},
	pages = {397-406},
	author = {Emeline Pettex and Robert T. Barrett and Svein-H{\aa}kon Lorentsen and Francesco Bonadonna and Lorien Pichegru and Jean-Baptiste Pons and David Gr{\'{e}}millet},
	title = {Contrasting population trends at seabirds colonies: Is food limitation a factor in Norway?},
	journal = {Journal of Ornithology}
}