@article{ID84978986129,
	doi = {10.1111/jvs.12441},
	url = {https://doi.org/10.1111%2Fjvs.12441},
	year = 2016,
	month = {jul},
	publisher = {Wiley-Blackwell},
	volume = {27},
	number = {5},
	pages = {1071-1079},
	author = {Manuel J. Steinbauer and Carl Beierkuhnlein and Mohammed A. S. Arfin Khan and David E. V. Harter and Severin D. H. Irl and Anke Jentsch and Andreas H. Schweiger and Jens-Christian Svenning and JÃ¼rgen Dengler},
	editor = {Michael Palmer},
	title = {How to differentiate facilitation and environmentally driven co-existence},
	journal = {Journal of Vegetation Science}
}