@article{ID84867745047,
	doi = {10.1111/j.1365-2028.2012.01345.x},
	url = {https://doi.org/10.1111%2Fj.1365-2028.2012.01345.x},
	year = 2012,
	month = {jun},
	publisher = {Wiley-Blackwell},
	volume = {50},
	number = {4},
	pages = {509-512},
	author = {David Beaune and Lo√Øc Bollache and Barbara Fruth and Fran{\c{c}}ois Bretagnolle},
	title = {Bush pig (Potamochoerus porcus) seed predation of bush mango (Irvingia gabonensis) and other plant species in Democratic Republic of Congo},
	journal = {African Journal of Ecology}
}