@article{ID84954389747,
	doi = {10.1111/jav.00689},
	url = {https://doi.org/10.1111%2Fjav.00689},
	year = 2015,
	month = {jul},
	publisher = {Wiley-Blackwell},
	volume = {47},
	number = {1},
	pages = {7-15},
	author = {Christie A. Macdonald and Emily A. McKinnon and H. Grant Gilchrist and Oliver P. Love},
	title = {Cold tolerance, and not earlier arrival on breeding grounds, explains why males winter further north in an Arctic-breeding songbird},
	journal = {Journal of Avian Biology}
}