@article{ID84922756988,
	doi = {10.1002/ece3.1405},
	url = {https://doi.org/10.1002%2Fece3.1405},
	year = 2015,
	month = {jan},
	publisher = {Wiley-Blackwell},
	volume = {5},
	number = {3},
	pages = {807-820},
	author = {Kristine Engemann and Brian J. Enquist and Brody Sandel and Brad Boyle and Peter M. J{\o}rgensen and Naia Morueta-Holme and Robert K. Peet and Cyrille Violle and Jens-Christian Svenning},
	title = {Limited sampling hampers "big data" estimation of species richness in a tropical biodiversity hotspot},
	journal = {Ecology and Evolution}
}