@incollection{ID84884422369,
	doi = {10.1016/b978-0-12-385140-6.00010-4},
	url = {https://doi.org/10.1016%2Fb978-0-12-385140-6.00010-4},
	year = 2012,
	publisher = {Elsevier},
	pages = {201-211},
	author = {Antoine Collin and Bernard Long and Philippe Archambault},
	title = {Coastal Kelp Forest Habitat in the Baie Des Chaleurs, Gulf of St: Lawrence, Canada},
	booktitle = {Seafloor Geomorphology as Benthic Habitat},
	journal = {Seafloor Geomorphology as Benthic Habitat}
}