@article{ID84869751725,
	doi = {10.1098/rsbl.2012.0764},
	url = {https://doi.org/10.1098%2Frsbl.2012.0764},
	year = 2012,
	month = {sep},
	publisher = {The Royal Society},
	volume = {8},
	number = {6},
	pages = {1002-1005},
	author = {A. Stien and R. A. Ims and S. D. Albon and E. Fuglei and R. J. Irvine and E. Ropstad and O. Halvorsen and R. Langvatn and L. E. Loe and V. Veiberg and N. G. Yoccoz},
	title = {Congruent responses to weather variability in high Arctic herbivores},
	journal = {Biology Letters}
}