@article{ID84879742006,
	doi = {10.1371/journal.pone.0067576},
	url = {https://doi.org/10.1371%2Fjournal.pone.0067576},
	year = 2013,
	month = {jul},
	publisher = {Public Library of Science ({PLoS})},
	volume = {8},
	number = {7},
	pages = {e67576},
	author = {Benjamin Merkel and Christian Lydersen and Nigel G. Yoccoz and Kit M. Kovacs},
	editor = {David L. Roberts},
	title = {The World's Northernmost Harbour Seal Population-How Many Are There?},
	journal = {{PLoS} {ONE}}
}