@article{ID84896958374,
	doi = {10.3390/d6010001},
	url = {https://doi.org/10.3390%2Fd6010001},
	year = 2013,
	month = {dec},
	publisher = {{MDPI} {AG}},
	volume = {6},
	number = {1},
	pages = {1-17},
	author = {Annie S{\'{e}}guin and Dominique Gravel and Philippe Archambault},
	title = {Effect of disturbance regime on alpha and beta diversity of rock pools},
	journal = {Diversity}
}