@article{ID84930171424,
	doi = {10.1111/ecog.00954},
	url = {https://doi.org/10.1111%2Fecog.00954},
	year = 2014,
	month = {nov},
	publisher = {Wiley-Blackwell},
	volume = {38},
	number = {6},
	pages = {578-589},
	author = {Diego Nieto-Lugilde and Jonathan Lenoir and Sylvain Abdulhak and David Aeschimann and Stefan Dullinger and Jean-Claude G{\'{e}}gout and Antoine Guisan and Harald Pauli and Julien Renaud and Jean-Paul Theurillat and Wilfried Thuiller and J{\'{e}}r{\'{e}}mie Van Es and Pascal Vittoz and Wolfgang Willner and Thomas Wohlgemuth and Niklaus E. Zimmermann and Jens-Christian Svenning},
	title = {Tree cover at fine and coarse spatial grains interacts with shade tolerance to shape plant species distributions across the Alps},
	journal = {Ecography}
}