@article{ID84895737111,
	doi = {10.7717/peerj.251},
	url = {https://doi.org/10.7717%2Fpeerj.251},
	year = 2014,
	month = {feb},
	publisher = {{PeerJ}},
	volume = {2},
	pages = {e251},
	author = {Timoth{\'{e}}e Poisot and Dominique Gravel},
	title = {When is an ecological network complex? Connectance drives degree distribution and emerging network properties},
	journal = {{PeerJ}},
	number = {1}
}