@article{ID84856075458,
	doi = {10.1126/science.335.6066.285-a},
	url = {https://doi.org/10.1126%2Fscience.335.6066.285-a},
	year = 2012,
	month = {jan},
	publisher = {American Association for the Advancement of Science ({AAAS})},
	volume = {335},
	number = {6066},
	pages = {285-286},
	author = {B. Sandel and L. Arge and B. Dalsgaard and R. G. Davies and K. J. Gaston and W. J. Sutherland and J.-C. Svenning},
	title = {Response - Global endemism needs spatial integration},
	journal = {Science}
}