@article{ID84883777668,
	doi = {10.1007/s00300-013-1369-6},
	url = {https://doi.org/10.1007%2Fs00300-013-1369-6},
	year = 2013,
	month = {jul},
	publisher = {Springer Nature},
	volume = {36},
	number = {10},
	pages = {1499-1507},
	author = {Fr{\'{e}}d{\'{e}}ric Olivier and Guillermo San Mart{\'{\i}}n and Philippe Archambault},
	title = {A new species of Streptospinigera Kudenov, 1983 (Polychaeta, Syllidae, Anoplosyllinae) from the Arctic and north-western Atlantic with a key to all species of the genus},
	journal = {Polar Biology}
}