@article{ID84960118384,
	doi = {10.1017/s0960258516000040},
	url = {https://doi.org/10.1017%2Fs0960258516000040},
	year = 2016,
	month = {mar},
	publisher = {Cambridge University Press ({CUP})},
	volume = {26},
	number = {02},
	pages = {153-164},
	author = {Kevin A. Solarik and Dominique Gravel and Aitor Ameztegui and Yves Bergeron and Christian Messier},
	title = {Assessing tree germination resilience to global warming: A manipulative experiment using sugar maple (Acer saccharum)},
	journal = {Seed Science Research}
}