@incollection{ID84875805675,
	doi = {10.1017/cbo9780511842399.004},
	url = {https://doi.org/10.1017%2Fcbo9780511842399.004},
	publisher = {Cambridge University Press},
	pages = {23-57},
	author = {Robert D. Holt},
	editor = {Jianguo Liu and Vanessa Hull and Anita T. Morzillo and John A. Wiens},
	title = {Evolution in Source-Sink environments: Implications for niche conservatism},
	booktitle = {Sources, Sinks and Sustainability},
	year = {2011},
	journal = {Sources, Sinks and Sustainability}
}