@article{ID84881590910,
	doi = {10.1371/journal.pone.0072713},
	url = {https://doi.org/10.1371%2Fjournal.pone.0072713},
	year = 2013,
	month = {aug},
	publisher = {Public Library of Science ({PLoS})},
	volume = {8},
	number = {8},
	pages = {e72713},
	author = {Clara P{\'{e}}ron and David Gr{\'{e}}millet},
	editor = {Katherine Renton},
	title = {Tracking through Life Stages: Adult, Immature and Juvenile Autumn Migration in a Long-Lived Seabird},
	journal = {{PLoS} {ONE}}
}