@article{ID84883268256,
	doi = {10.1111/1365-2745.12113},
	url = {https://doi.org/10.1111%2F1365-2745.12113},
	year = 2013,
	month = {jun},
	publisher = {Wiley-Blackwell},
	volume = {101},
	number = {5},
	pages = {1256-1264},
	author = {Zhishu Xiao and Zhibin Zhang and Charles J. Krebs},
	editor = {Kenneth Whitney},
	title = {Long-term seed survival and dispersal dynamics in a rodent-dispersed tree: Testing the predator satiation hypothesis and the predator dispersal hypothesis},
	journal = {Journal of Ecology}
}