@article{ID84897373074,
	doi = {10.1093/jpe/rtt069},
	url = {https://doi.org/10.1093%2Fjpe%2Frtt069},
	year = 2014,
	month = {jan},
	publisher = {Oxford University Press ({OUP})},
	volume = {7},
	number = {2},
	pages = {101-114},
	author = {A. K. Brunbjerg and J. Cavender-Bares and W. L. Eiserhardt and R. Ejrnaes and L. W. Aarssen and H. L. Buckley and E. Forey and F. Jansen and J. Kattge and C. Lane and R. A. Lubke and A. T. Moles and A. L. Monserrat and R. K. Peet and J. Roncal and L. Wootton and J.-C. Svenning},
	title = {Multi-scale phylogenetic structure in coastal dune plant communities across the globe},
	journal = {Journal of Plant Ecology}
}