@article{ID84880507008,
	doi = {10.1111/j.1600-0706.2012.00220.x},
	url = {https://doi.org/10.1111%2Fj.1600-0706.2012.00220.x},
	year = 2012,
	month = {dec},
	publisher = {Wiley-Blackwell},
	volume = {122},
	number = {8},
	pages = {1167-1176},
	author = {Fr{\'{e}}d{\'{e}}ric Bilodeau and Donald G. Reid and Gilles Gauthier and Charles J. Krebs and Dominique Berteaux and Alice J. Kenney},
	title = {Demographic response of tundra small mammals to a snow fencing experiment},
	journal = {Oikos}
}