@article{ID84903772015,
	doi = {10.1111/geb.12158},
	url = {https://doi.org/10.1111%2Fgeb.12158},
	year = 2014,
	month = {mar},
	publisher = {Wiley-Blackwell},
	volume = {23},
	number = {8},
	pages = {836-847},
	author = {Florent Mazel and Fran{\c{c}}ois Guilhaumon and Nicolas Mouquet and Vincent Devictor and Dominique Gravel and Julien Renaud and Marcus Vinicius Cianciaruso and Rafael Loyola and Jos{\'{e}} Alexandre Felizola Diniz-Filho and David Mouillot and Wilfried Thuiller},
	title = {Multifaceted diversity-area relationships reveal global hotspots of mammalian species, trait and lineage diversity},
	journal = {Global Ecology and Biogeography}
}