@article{ID84902657231,
	doi = {10.1649/0010-065x-68.2.343},
	url = {https://doi.org/10.1649%2F0010-065x-68.2.343},
	year = 2014,
	month = {jun},
	publisher = {Coleopterists Society},
	volume = {68},
	number = {2},
	pages = {343-344},
	author = {Pierre-Marc Brousseau and Dominique Gravel and I. Tanya Handa},
	title = {First record in Canada of onthophilus pluricostatus leconte (Coleoptera: Histeridae) and a new mention for the rare species lordithon niger (Gravenhorst) (Coleoptera: Staphylinidae)},
	journal = {The Coleopterists Bulletin}
}