@article{ID84855680963,
	doi = {10.1371/journal.pone.0028924},
	url = {https://doi.org/10.1371%2Fjournal.pone.0028924},
	year = 2012,
	month = {jan},
	publisher = {Public Library of Science ({PLoS})},
	volume = {7},
	number = {1},
	pages = {e28924},
	author = {Frederic Barraquand and David J. Murrell},
	editor = {Filippo Castiglione},
	title = {Intense or spatially heterogeneous predation can select against prey dispersal},
	journal = {{PLoS} {ONE}}
}