@article{ID84861511297,
	doi = {10.1111/j.1365-2699.2011.02663.x},
	url = {https://doi.org/10.1111%2Fj.1365-2699.2011.02663.x},
	year = 2011,
	month = {dec},
	publisher = {Wiley-Blackwell},
	volume = {39},
	number = {12},
	pages = {2163-2178},
	author = {W. D. Kissling and Carsten F. Dormann and Jürgen Groeneveld and Thomas Hickler and Ingolf Kühn and Greg J. McInerny and Jos{\'{e}} M. Montoya and Christine Römermann and Katja Schiffers and Frank M. Schurr and Alexander Singer and Jens-Christian Svenning and Niklaus E. Zimmermann and Robert B. O'Hara},
	title = {Towards novel approaches to modelling biotic interactions in multispecies assemblages at large spatial extents},
	journal = {Journal of Biogeography}
}