@article{ID84983803005,
	doi = {10.1080/15659801.2015.1035508},
	url = {https://doi.org/10.1080%2F15659801.2015.1035508},
	year = 2015,
	month = {jan},
	publisher = {Brill Academic Publishers},
	volume = {61},
	number = {1},
	pages = {37-49},
	author = {Val H. Smith and Robert D. Holt and Marilyn S. Smith and Yafen Niu and Michael Barfield},
	title = {Resources, mortality, and disease ecology: Importance of positive feedbacks between host growth rate and pathogen dynamics},
	journal = {Israel Journal of Ecology {\&} Evolution}
}