@article{ID84928749664,
	doi = {10.1088/1748-9326/10/4/045001},
	url = {https://doi.org/10.1088%2F1748-9326%2F10%2F4%2F045001},
	year = 2015,
	month = {mar},
	publisher = {{IOP} Publishing},
	volume = {10},
	number = {4},
	pages = {045001},
	author = {Julie Maria Falk and Niels Martin Schmidt and Torben R Christensen and Lena Str√∂m},
	title = {Large herbivore grazing affects the vegetation structure and greenhouse gas balance in a high arctic mire},
	journal = {Environmental Research Letters}
}