@article{ID84960903095,
	doi = {10.1111/ecog.01937},
	url = {https://doi.org/10.1111%2Fecog.01937},
	year = 2016,
	month = {mar},
	publisher = {Wiley-Blackwell},
	volume = {39},
	number = {12},
	pages = {1227-1237},
	author = {Tarek Hattab and Fabien Leprieur and Frida Ben Rais Lasram and Dominique Gravel and Fran{\c{c}}ois Le Loc{\textquotesingle}h and Camille Albouy},
	title = {Forecasting fine-scale changes in the food-web structure of coastal marine communities under climate change},
	journal = {Ecography}
}