@incollection{ID84886500015,
	doi = {10.1002/9781118520178.ch23},
	url = {https://doi.org/10.1002%2F9781118520178.ch23},
	year = 2013,
	month = {feb},
	publisher = {John Wiley {\&} Sons},
	pages = {430-451},
	author = {Chris Sandom and C. Josh Donlan and Jens-Christian Svenning and Dennis Hansen},
	title = {Rewilding},
	booktitle = {Key Topics in Conservation Biology 2},
	journal = {Key Topics in Conservation Biology 2}
}