@article{ID84959574716,
	doi = {10.5194/bg-13-1237-2016},
	url = {https://doi.org/10.5194%2Fbg-13-1237-2016},
	year = 2016,
	month = {mar},
	publisher = {Copernicus {GmbH}},
	volume = {13},
	number = {4},
	pages = {1237-1253},
	author = {Na√Øm Perreault and Esther L{\'{e}}vesque and Daniel Fortier and Laurent J. Lamarque},
	title = {Thermo-erosion gullies boost the transition from wet to mesic tundra vegetation},
	journal = {Biogeosciences}
}