@article{ID84877775047,
	doi = {10.1371/journal.pone.0063312},
	url = {https://doi.org/10.1371%2Fjournal.pone.0063312},
	year = 2013,
	month = {may},
	publisher = {Public Library of Science ({PLoS})},
	volume = {8},
	number = {5},
	pages = {e63312},
	author = {John-Andr{\'{e}} Henden and Nigel G. Yoccoz and Rolf A. Ims and Knut Langeland},
	editor = {Han YH. Chen},
	title = {How Spatial Variation in Areal Extent and Configuration of Labile Vegetation States Affect the Riparian Bird Community in Arctic Tundra},
	journal = {{PLoS} {ONE}}
}