@article{ID84883558228,
	doi = {10.1111/een.12048},
	url = {https://doi.org/10.1111%2Feen.12048},
	year = 2013,
	month = {aug},
	publisher = {Wiley-Blackwell},
	volume = {38},
	number = {5},
	pages = {522-530},
	author = {RIIKKA KAARTINEN and TOMAS ROSLIN},
	title = {Apparent competition leaves no detectable imprint on patterns of community composition: Observations from a natural experiment},
	journal = {Ecological Entomology}
}