@article{ID84953369627,
	doi = {10.1111/1365-2435.12482},
	url = {https://doi.org/10.1111%2F1365-2435.12482},
	year = 2015,
	month = {jun},
	publisher = {Wiley-Blackwell},
	volume = {30},
	number = {1},
	pages = {116-125},
	author = {Glenn T. Crossin and Oliver P. Love and Steven J. Cooke and Tony D. Williams},
	editor = {Jennifer Grindstaff},
	title = {Glucocorticoid manipulations in free-living animals: Considerations of dose delivery, life-history context and reproductive state},
	journal = {Functional Ecology}
}