@article{ID84940094438,
	doi = {10.1371/journal.pone.0132312},
	url = {https://doi.org/10.1371%2Fjournal.pone.0132312},
	year = 2015,
	month = {jul},
	publisher = {Public Library of Science ({PLoS})},
	volume = {10},
	number = {7},
	pages = {e0132312},
	author = {Kevin K. Clausen and Jesper Madsen and Ingunn M. Tombre},
	editor = {Roberto Ambrosini},
	title = {Carry-over or compensation? The impact of winter harshness and post-winter body condition on spring-fattening in a migratory goose species},
	journal = {{PLOS} {ONE}}
}