@article{ID84355166735,
	doi = {10.1111/j.1600-0706.2011.19672.x},
	url = {https://doi.org/10.1111%2Fj.1600-0706.2011.19672.x},
	year = 2011,
	month = {jul},
	publisher = {Wiley-Blackwell},
	volume = {121},
	number = {1},
	pages = {116-126},
	author = {C{\'{e}}cile H. Albert and Francesco de Bello and Isabelle Boulangeat and Gilles Pellet and Sandra Lavorel and Wilfried Thuiller},
	title = {On the importance of intraspecific variability for the quantification of functional diversity},
	journal = {Oikos}
}