@article{ID84999780417,
	doi = {10.1007/s00227-016-3003-y},
	url = {https://doi.org/10.1007%2Fs00227-016-3003-y},
	year = 2016,
	month = {nov},
	publisher = {Springer Nature},
	volume = {164},
	number = {1},
	author = {David Gr{\'{e}}millet and Clara P{\'{e}}ron and Akiko Kato and Fran{\c{c}}oise Am{\'{e}}lineau and Yan Ropert-Coudert and Peter G. Ryan and Lorien Pichegru},
	title = {Erratum to: Starving seabirds: unprofitable foraging and its fitness consequences in Cape gannets competing with fisheries in the Benguela upwelling ecosystem (Marine Biology, (2016), 163, 2, (35), 10.1007/s00227-015-2798-2)},
	journal = {Marine Biology}
}