@article{ID84935436785,
	doi = {10.1111/oik.01881},
	url = {https://doi.org/10.1111%2Foik.01881},
	year = 2015,
	month = {feb},
	publisher = {Wiley-Blackwell},
	volume = {124},
	number = {7},
	pages = {851-860},
	author = {Magda E. Chudzi{\'{n}}ska and Floris M. van Beest and Jesper Madsen and Jacob Nabe-Nielsen},
	title = {Using habitat selection theories to predict the spatiotemporal distribution of migratory birds during stopover - a case study of pink-footed geese Anser brachyrhynchus},
	journal = {Oikos}
}