@article{ID84982683697,
	doi = {10.1073/pnas.1609425113},
	url = {https://doi.org/10.1073%2Fpnas.1609425113},
	year = 2016,
	month = {jul},
	publisher = {Proceedings of the National Academy of Sciences},
	volume = {113},
	number = {31},
	pages = {E4436-E4436},
	author = {Erle C. Ellis and Peter J. Richerson and Alex Mesoudi and Jens-Christian Svenning and John Odling-Smee and William R. Burnside},
	title = {Evolving the human niche},
	journal = {Proceedings of the National Academy of Sciences}
}