@article{ID84942296566,
	doi = {10.1111/gcb.12922},
	url = {https://doi.org/10.1111%2Fgcb.12922},
	year = 2015,
	month = {jun},
	publisher = {Wiley-Blackwell},
	volume = {21},
	number = {9},
	pages = {3299-3312},
	author = {Karin Nor{\'{e}}n and Mark J. Statham and Erik O. {\AA}gren and Marja Isomursu and {\O}ystein Flagstad and Nina E. Eide and Thomas Bj{\o}rneboe G. Berg and Lene Bech-Sanderhoff and Benjamin N. Sacks},
	title = {Genetic footprints reveal geographic patterns of expansion in Fennoscandian red foxes},
	journal = {Global Change Biology}
}