@article{ID84904269054,
	doi = {10.4081/jlimnol.2014.807},
	url = {https://doi.org/10.4081%2Fjlimnol.2014.807},
	year = 2014,
	month = {apr},
	publisher = {{PAGEPress} Publications},
	volume = {73},
	number = {s1},
	author = {Dominique Gravel and Timoth{\'{e}}e Poisot and Philippe Desjardins-Proulx},
	title = {Using neutral theory to reveal the contribution of meta-community processes to assembly in complex landscapes},
	journal = {Journal of Limnology},
	pages = {61-73}
}