@article{ID84886263042,
	doi = {10.1111/j.1600-0706.2013.00399.x},
	url = {https://doi.org/10.1111%2Fj.1600-0706.2013.00399.x},
	year = 2013,
	month = {jul},
	publisher = {Wiley-Blackwell},
	volume = {122},
	number = {11},
	pages = {1532-1540},
	author = {Justin M. J. Travis and Maria Delgado and Greta Bocedi and Michel Baguette and Kamil Barto{\'{n}} and Dries Bonte and Isabelle Boulangeat and Jenny A. Hodgson and Alexander Kubisch and Vincenzo Penteriani and Marjo Saastamoinen and Virginie M. Stevens and James M. Bullock},
	title = {Dispersal and species' responses to climate change},
	journal = {Oikos}
}