@article{ID84898463223,
	doi = {10.1038/srep04616},
	url = {https://doi.org/10.1038%2Fsrep04616},
	year = 2014,
	month = {apr},
	publisher = {Springer Nature},
	volume = {4},
	number = {1},
	author = {Annie S{\'{e}}guin and {\'{E}}ric Harvey and Philippe Archambault and Christian Nozais and Dominique Gravel},
	title = {Body size as a predictor of species loss effect on ecosystem functioning},
	journal = {Scientific Reports}
}