@article{ID84954446410,
	doi = {10.1111/acv.12250},
	url = {https://doi.org/10.1111%2Facv.12250},
	year = 2016,
	month = {jan},
	publisher = {Wiley-Blackwell},
	volume = {19},
	number = {4},
	pages = {337-349},
	author = {V. E. Kutschera and C. Frosch and A. Janke and K. Sk{\'{\i}}rnisson and T. Bidon and N. Lecomte and S. R. Fain and H. G. Eiken and S. B. Hagen and U. Arnason and K. L. Laidre and C. Nowak and F. Hailer},
	title = {High genetic variability of vagrant polar bears illustrates importance of population connectivity in fragmented sea ice habitats},
	journal = {Animal Conservation}
}