@article{ID84962910716,
	doi = {10.1111/ecog.02261},
	url = {https://doi.org/10.1111%2Fecog.02261},
	year = 2016,
	month = {apr},
	publisher = {Wiley-Blackwell},
	volume = {39},
	number = {12},
	pages = {1250-1252},
	author = {Niels M. Schmidt and Jesper B. Mosbacher and Palle S. Nielsen and Claus Rasmussen and Toke T. H{\o}ye and Tomas Roslin},
	title = {An ecological function in crisis? The temporal overlap between plant flowering and pollinator function shrinks as the Arctic warms},
	journal = {Ecography}
}