@article{ID84860359238,
	doi = {10.1111/j.1600-0587.2011.07259.x},
	url = {https://doi.org/10.1111%2Fj.1600-0587.2011.07259.x},
	year = 2011,
	month = {nov},
	publisher = {Wiley-Blackwell},
	volume = {35},
	number = {5},
	pages = {468-480},
	author = {T. Münkemüller and F. de Bello and C. N. Meynard and D. Gravel and S. Lavergne and D. Mouillot and N. Mouquet and W. Thuiller},
	title = {From diversity indices to community assembly processes: A test with simulated data},
	journal = {Ecography}
}