@article{ID84969983771,
	doi = {10.5253/arde.v104i1.a4},
	url = {https://doi.org/10.5253%2Farde.v104i1.a4},
	year = 2016,
	month = {apr},
	publisher = {Netherlands Ornithologists{\textquotesingle} Union},
	volume = {104},
	number = {1},
	pages = {49-61},
	author = {A. H. Jelle Loonstra and Theunis Piersma and Jeroen Reneerkens},
	title = {Staging Duration and Passage Population Size of Sanderlings in the Western Dutch Wadden Sea},
	journal = {Ardea}
}