@article{ID84856229480,
	doi = {10.1016/j.baae.2011.11.001},
	url = {https://doi.org/10.1016%2Fj.baae.2011.11.001},
	year = 2012,
	month = {feb},
	publisher = {Elsevier {BV}},
	volume = {13},
	number = {1},
	pages = {59-66},
	author = {Jean-Philippe Lessard and W. Nicholas Reynolds and Windy A. Bunn and Mark A. Genung and Melissa A. Cregger and Emmi Felker-Quinn and M. Noelia Barrios-Garcia and Mary L. Stevenson and R. Michael Lawton and Claire B. Brown and Maggie Patrick and Janet H. Rock and Michael A. Jenkins and Joseph K. Bailey and Jennifer A. Schweitzer},
	title = {Equivalence in the strength of deer herbivory on above and below ground communities},
	journal = {Basic and Applied Ecology}
}