@article{ID84969756488,
	doi = {10.1890/15-0122},
	url = {https://doi.org/10.1890%2F15-0122},
	year = 2016,
	month = {mar},
	publisher = {Wiley-Blackwell},
	volume = {26},
	number = {2},
	pages = {484-498},
	author = {Taal Levi and Felicia Keesing and Robert D. Holt and Michael Barfield and Richard S. Ostfeld},
	title = {Quantifying dilution and amplification in a community of hosts for tick-borne pathogens},
	journal = {Ecological Applications}
}