@article{ID84941254771,
	doi = {10.1371/journal.pone.0132686},
	url = {https://doi.org/10.1371%2Fjournal.pone.0132686},
	year = 2015,
	month = {jul},
	publisher = {Public Library of Science ({PLoS})},
	volume = {10},
	number = {7},
	pages = {e0132686},
	author = {Marie-Anne Blanchet and Christian Lydersen and Rolf A. Ims and Kit M. Kovacs},
	editor = {Judi Hewitt},
	title = {Seasonal, oceanographic and atmospheric drivers of diving behaviour in a temperate seal species living in the high arctic},
	journal = {{PLOS} {ONE}}
}