@article{ID84937830426,
	doi = {10.3390/rs70709410},
	url = {https://doi.org/10.3390%2Frs70709410},
	year = 2015,
	month = {jul},
	publisher = {{MDPI} {AG}},
	volume = {7},
	number = {7},
	pages = {9410-9430},
	author = {Yannick Duguay and Monique Bernier and Esther L{\'{e}}vesque and Benoit Tremblay},
	title = {Potential of C and X band SAR for shrub growth monitoring in sub-arctic environments},
	journal = {Remote Sensing}
}