@article{ID84956658969,
	doi = {10.1111/ecog.01593},
	url = {https://doi.org/10.1111%2Fecog.01593},
	year = 2015,
	month = {sep},
	publisher = {Wiley-Blackwell},
	volume = {39},
	number = {2},
	pages = {213-222},
	author = {Christopher E. Doughty and S{\o}ren Faurby and Jens-Christian Svenning},
	title = {The impact of the megafauna extinctions on savanna woody cover in South America},
	journal = {Ecography}
}