@article{ID84896806989,
	doi = {10.1038/nclimate2074},
	url = {https://doi.org/10.1038%2Fnclimate2074},
	year = 2013,
	month = {dec},
	publisher = {Springer Nature},
	volume = {4},
	number = {2},
	pages = {132-137},
	author = {Glenn Yannic and Lo√Øc Pellissier and Joaqu{\'{\i}}n Ortego and Nicolas Lecomte and Serge Couturier and Christine Cuyler and Christian Dussault and Kris J. Hundertmark and R. Justin Irvine and Deborah A. Jenkins and Leonid Kolpashikov and Karen Mager and Marco Musiani and Katherine L. Parker and Knut H. R{\o}ed and Taras Sipko and Skarph{\'{e}}{\dh}inn G. {\TH}{\'{o}}risson and Byron V. Weckworth and Antoine Guisan and Louis Bernatchez and Steeve D. C{\^{o}}t{\'{e}}},
	title = {Genetic diversity in caribou linked to past and future climate change},
	journal = {Nature Climate Change}
}