@article{ID84876443314,
	doi = {10.1007/s12080-012-0167-z},
	url = {https://doi.org/10.1007%2Fs12080-012-0167-z},
	year = 2012,
	month = {jul},
	publisher = {Springer Nature},
	volume = {6},
	number = {2},
	pages = {153-164},
	author = {Andrew R. Kanarek and Colleen T. Webb and Michael Barfield and Robert D. Holt},
	title = {Allee effects, aggregation, and invasion success},
	journal = {Theoretical Ecology}
}