@article{ID84755161354,
	doi = {10.1007/s10144-010-0198-5},
	url = {https://doi.org/10.1007%2Fs10144-010-0198-5},
	year = 2010,
	month = {mar},
	publisher = {Springer Nature},
	volume = {52},
	number = {4},
	pages = {537-546},
	author = {G{\'{e}}raldine Mabille and S{\'{e}}bastien Descamps and Dominique Berteaux},
	title = {Predation as a probable mechanism relating winter weather to population dynamics in a North American porcupine population},
	journal = {Population Ecology}
}