@article{ID84861858604,
	doi = {10.1111/j.1365-2486.2012.02708.x},
	url = {https://doi.org/10.1111%2Fj.1365-2486.2012.02708.x},
	year = 2012,
	month = {may},
	publisher = {Wiley-Blackwell},
	volume = {18},
	number = {7},
	pages = {2313-2323},
	author = {kelly M. McManus and Douglas C. Morton and Jeffrey G. Masek and Dongdong Wang and Joseph O. Sexton and Jyoteshwar R. Nagol and Pascale Ropars and St{\'{e}}phane Boudreau},
	title = {Satellite-based evidence for shrub and graminoid tundra expansion in northern Quebec from 1986 to 2010},
	journal = {Global Change Biology}
}