@article{ID84931004744,
	doi = {10.1016/j.tree.2015.03.014},
	url = {https://doi.org/10.1016%2Fj.tree.2015.03.014},
	year = 2015,
	month = {jun},
	publisher = {Elsevier {BV}},
	volume = {30},
	number = {6},
	pages = {347-356},
	author = {Ignacio Morales-Castilla and Miguel G. Matias and Dominique Gravel and Miguel B. Ara{\'{u}}jo},
	title = {Inferring biotic interactions from proxies},
	journal = {Trends in Ecology {\&} Evolution}
}