@article{ID84856776891,
	doi = {10.1007/s00442-011-2120-z},
	url = {https://doi.org/10.1007%2Fs00442-011-2120-z},
	year = 2011,
	month = {sep},
	publisher = {Springer Nature},
	volume = {168},
	number = {3},
	pages = {601-620},
	author = {Rudy Boonstra and Charles J. Krebs},
	title = {Population dynamics of red-backed voles (Myodes) in North America},
	journal = {Oecologia}
}