@article{ID84890536614,
	doi = {10.1525/cond.2013.120169},
	url = {https://doi.org/10.1525%2Fcond.2013.120169},
	year = 2013,
	month = {nov},
	publisher = {Cooper Ornithological Society},
	volume = {115},
	number = {4},
	pages = {816-829},
	author = {Sarah T. Saalfeld and Brooke L. Hill and Richard B. Lanctot},
	title = {Shorebird responses to construction and operation of a landfill on the arctic coastal plain},
	journal = {The Condor}
}