@article{ID84890562234,
	doi = {10.1007/s00114-013-1106-6},
	url = {https://doi.org/10.1007%2Fs00114-013-1106-6},
	year = 2013,
	month = {nov},
	publisher = {Springer Nature},
	volume = {100},
	number = {11},
	pages = {1031-1040},
	author = {Marija Majer and Ingi Agnarsson and Jens-Christian Svenning and Trine Bilde},
	title = {Social spiders of the genus Anelosimus occur in wetter, more productive environments than non-social species},
	journal = {Naturwissenschaften}
}