@article{ID84886724815,
	doi = {10.1111/ele.12184},
	url = {https://doi.org/10.1111%2Fele.12184},
	year = 2013,
	month = {oct},
	publisher = {Wiley-Blackwell},
	volume = {16},
	number = {12},
	pages = {1446-1454},
	author = {Naia Morueta-Holme and Brian J. Enquist and Brian J. McGill and Brad Boyle and Peter M. J{\o}rgensen and Jeffrey E. Ott and Robert K. Peet and Irena {\v{S}}{\'{\i}}mov{\'{a}} and Lindsey L. Sloat and Barbara Thiers and Cyrille Violle and Susan K. Wiser and Steven Dolins and John C. Donoghue and Nathan J. B. Kraft and Jim Regetz and Mark Schildhauer and Nick Spencer and Jens-Christian Svenning},
	editor = {Fangliang He},
	title = {Habitat area and climate stability determine geographical variation in plant species range sizes},
	journal = {Ecology Letters}
}