@article{ID84873641979,
	doi = {10.1038/srep01164},
	url = {https://doi.org/10.1038%2Fsrep01164},
	year = 2013,
	month = {feb},
	publisher = {Springer Nature},
	volume = {3},
	number = {1},
	author = {Wolf L. Eiserhardt and Jens-Christian Svenning and William J. Baker and Thomas L. P. Couvreur and Henrik Balslev},
	title = {Dispersal and niche evolution jointly shape the geographic turnover of phylogenetic clades across continents},
	journal = {Scientific Reports}
}