@article{ID84920837108,
	doi = {10.1007/s13280-014-0606-8},
	url = {https://doi.org/10.1007%2Fs13280-014-0606-8},
	year = 2015,
	month = {jan},
	publisher = {Springer Nature},
	volume = {44},
	number = {S1},
	pages = {39-50},
	author = {Bodil Elmhagen and Jonas Kindberg and Peter Hellström and Anders Angerbjörn},
	title = {A boreal invasion in response to climate change? Range shifts and community effects in the borderland between forest and tundra},
	journal = {{AMBIO}}
}