@article{ID84950258530,
	doi = {10.1007/s00442-015-3521-1},
	url = {https://doi.org/10.1007%2Fs00442-015-3521-1},
	year = 2015,
	month = {dec},
	publisher = {Springer Nature},
	volume = {180},
	number = {4},
	pages = {1195-1203},
	author = {Dorothee Ehrich and Marita A. Str{\o}meng and Siw T. Killengreen},
	title = {Interference in the tundra predator guild studied using local ecological knowledge},
	journal = {Oecologia}
}