@article{ID84940381150,
	doi = {10.7717/peerj.1180},
	url = {https://doi.org/10.7717%2Fpeerj.1180},
	year = 2015,
	month = {aug},
	publisher = {{PeerJ}},
	volume = {3},
	pages = {e1180},
	author = {LR Ginzburg and CJ Krebs},
	title = {Mammalian cycles: Internally defined periods and interaction-driven amplitudes},
	journal = {{PeerJ}},
	number = {8}
}