@article{ID84868341045,
	doi = {10.1007/s10342-012-0646-1},
	url = {https://doi.org/10.1007%2Fs10342-012-0646-1},
	year = 2012,
	month = {jul},
	publisher = {Springer Nature},
	volume = {131},
	number = {6},
	pages = {1957-1965},
	author = {Maryline Pellerin and Anne Delestrade and Gwladys Mathieu and Olivier Rigault and Nigel G. Yoccoz},
	title = {Spring tree phenology in the Alps: Effects of air temperature, altitude and local topography},
	journal = {European Journal of Forest Research}
}