@article{ID84946782066,
	doi = {10.1073/pnas.1518956112},
	url = {https://doi.org/10.1073%2Fpnas.1518956112},
	year = 2015,
	month = {oct},
	publisher = {Proceedings of the National Academy of Sciences},
	volume = {112},
	number = {45},
	pages = {E6085-E6085},
	author = {Naia Morueta-Holme and Kristine Engemann and Pablo Sandoval-Acu{\~{n}}a and Jeremy D. Jonas and R. Max Segnitz and Jens-Christian Svenning},
	title = {Reply to Feeley and Rehm: Land-use intensification increases risk of species losses from climate change},
	journal = {Proceedings of the National Academy of Sciences}
}