@article{ID84946487909,
	doi = {10.1111/geb.12375},
	url = {https://doi.org/10.1111%2Fgeb.12375},
	year = 2015,
	month = {sep},
	publisher = {Wiley-Blackwell},
	volume = {24},
	number = {12},
	pages = {1401-1412},
	author = {Safaa Wasof and Jonathan Lenoir and Per Arild Aarrestad and Inger Greve Alsos and W. Scott Armbruster and Gunnar Austrheim and Vegar Bakkestuen and H. John B. Birks and Kari Anne Br{\aa}then and Olivier Broennimann and Jörg Brunet and Hans Henrik Bruun and Carl Johan Dahlberg and Martin Diekmann and Stefan Dullinger and Mats Dynesius and Rasmus Ejrnaes and Jean-Claude G{\'{e}}gout and Bente Jessen Graae and John-Arvid Grytnes and Antoine Guisan and Kristoffer Hylander and Ingibjörg S. J{\'{o}}nsd{\'{o}}ttir and Jutta Kapfer and Kari Klanderud and Miska Luoto and Ann Milbau and Mari Moora and Bettina Nygaard and Arvid Odland and Harald Pauli and Virve Ravolainen and Stefanie Reinhardt and Sylvi Marlen Sandvik and Fride H{\o}istad Schei and James D. M. Speed and Jens-Christian Svenning and Wilfried Thuiller and Liv Unn Tveraabak and Vigdis Vandvik and Liv Guri Velle and Risto Virtanen and Pascal Vittoz and Wolfgang Willner and Thomas Wohlgemuth and Niklaus E. Zimmermann and Martin Zobel and Guillaume Decocq},
	title = {Disjunct populations of European vascular plant species keep the same climatic niches},
	journal = {Global Ecology and Biogeography}
}