@article{ID84872779083,
	doi = {10.1007/s10344-012-0649-8},
	url = {https://doi.org/10.1007%2Fs10344-012-0649-8},
	year = 2012,
	month = {jul},
	publisher = {Springer Nature},
	volume = {59},
	number = {1},
	pages = {77-80},
	author = {Thomas Eske Holm and Jesper Madsen},
	title = {Incidence of embedded shotgun pellets and inferred hunting kill amongst Russian/Baltic barnacle geese Branta leucopsis},
	journal = {European Journal of Wildlife Research}
}