@article{ID84873539137,
	doi = {10.1111/j.2041-210x.2012.00259.x},
	url = {https://doi.org/10.1111%2Fj.2041-210x.2012.00259.x},
	year = 2012,
	month = {nov},
	publisher = {Wiley-Blackwell},
	volume = {4},
	number = {2},
	pages = {143-150},
	author = {Aurore Ponchon and David Gr{\'{e}}millet and Blandine Doligez and Thierry Chambert and Torkild Tveraa and Jacob Gonz{\'{a}}lez-Sol{\'{\i}}s and Thierry Boulinier},
	editor = {Sean Rands},
	title = {Tracking prospecting movements involved in breeding habitat selection: Insights, pitfalls and perspectives},
	journal = {Methods in Ecology and Evolution}
}