@article{ID84984679706,
	doi = {10.2981/wlb.00234},
	url = {https://doi.org/10.2981%2Fwlb.00234},
	year = 2016,
	month = {sep},
	publisher = {Wildlife Biology},
	volume = {22},
	number = {5},
	pages = {204-208},
	author = {Jesper Madsen and Kevin Kuhlmann Clausen and Thomas Kj{\ae}r Christensen and Fred A. Johnson},
	title = {Regulation of the hunting season as a tool for adaptive harvest management - First results for pink-footed geese Anser brachyrhynchus},
	journal = {Wildlife Biology}
}