@article{ID84901696383,
	doi = {10.1111/ele.12285},
	url = {https://doi.org/10.1111%2Fele.12285},
	year = 2014,
	month = {apr},
	publisher = {Wiley-Blackwell},
	volume = {17},
	number = {7},
	pages = {811-820},
	author = {Jean-Yves Barnagaud and W. Daniel Kissling and Brody Sandel and Wolf L. Eiserhardt and {\c{C}}a{\u{g}}an H. {\c{S}}ekercio{\u{g}}lu and Brian J. Enquist and Constantinos Tsirogiannis and Jens-Christian Svenning},
	editor = {David Mouillot},
	title = {Ecological traits influence the phylogenetic structure of bird species co-occurrences worldwide},
	journal = {Ecology Letters}
}