@article{ID84939891135,
	doi = {10.1007/s00300-014-1548-0},
	url = {https://doi.org/10.1007%2Fs00300-014-1548-0},
	year = 2014,
	month = {jul},
	publisher = {Springer Nature},
	volume = {37},
	number = {11},
	pages = {1621-1631},
	author = {Vasiliy Sokolov and Nicolas Lecomte and Aleksandr Sokolov and Md. Lutfor Rahman and Andrew Dixon},
	title = {Site fidelity and home range variation during the breeding season of peregrine falcons (Falco peregrinus) in Yamal, Russia},
	journal = {Polar Biology}
}