@article{ID84921273313,
	doi = {10.1111/ele.12398},
	url = {https://doi.org/10.1111%2Fele.12398},
	year = 2015,
	month = {jan},
	publisher = {Wiley-Blackwell},
	volume = {18},
	number = {2},
	pages = {200-217},
	author = {Ben H. Warren and Daniel Simberloff and Robert E. Ricklefs and Robin Aguil{\'{e}}e and Fabien L. Condamine and Dominique Gravel and H{\'{e}}l{\`{e}}ne Morlon and Nicolas Mouquet and James Rosindell and Juliane Casquet and Elena Conti and Josselin Cornuault and Jos{\'{e}} Mar{\'{\i}}a Fern{\'{a}}ndez-Palacios and Tomislav Hengl and Sietze J. Norder and Kenneth F. Rijsdijk and Isabel Sanmart{\'{\i}}n and Dominique Strasberg and Kostas A. Triantis and Luis M. Valente and Robert J. Whittaker and Rosemary G. Gillespie and Brent C. Emerson and Christophe Th{\'{e}}baud},
	editor = {Franck Courchamp},
	title = {Islands as model systems in ecology and evolution: Prospects fifty years after MacArthur-Wilson},
	journal = {Ecology Letters}
}