@article{ID84968877290,
	doi = {10.1038/ncomms11599},
	url = {https://doi.org/10.1038%2Fncomms11599},
	year = 2016,
	month = {may},
	publisher = {Springer Nature},
	volume = {7},
	pages = {11599},
	author = {Hanno Sandvik and Robert T. Barrett and Kjell Einar Erikstad and Mari S. Myksvoll and Frode Vikeb{\o} and Nigel G. Yoccoz and Tycho Anker-Nilssen and Svein-H{\aa}kon Lorentsen and Tone K. Reiertsen and Jofrid Skar{\dh}hamar and Mette Skern-Mauritzen and Geir Helge Systad},
	title = {Modelled drift patterns of fish larvae link coastal morphology to seabird colony distribution},
	journal = {Nature Communications}
}