@article{ID84876798829,
	doi = {10.1016/j.vetpar.2012.12.027},
	url = {https://doi.org/10.1016%2Fj.vetpar.2012.12.027},
	year = 2013,
	month = {may},
	publisher = {Elsevier {BV}},
	volume = {194},
	number = {1},
	pages = {9-15},
	author = {Cecilia A. M. Sandstr√∂m and Anita G. J. Buma and Bethany J. Hoye and Jouke Prop and Henk van der Jeugd and Berend Voslamber and Jesper Madsen and Maarten J. J. E. Loonen},
	title = {Latitudinal variability in the seroprevalence of antibodies against Toxoplasma gondii in non-migrant and Arctic migratory geese},
	journal = {Veterinary Parasitology}
}