@article{ID84895524912,
	doi = {10.1111/ele.12245},
	url = {https://doi.org/10.1111%2Fele.12245},
	year = 2014,
	month = {jan},
	publisher = {Wiley-Blackwell},
	volume = {17},
	number = {4},
	pages = {454-463},
	author = {Matthias Schleuning and Lili Ingmann and Rouven Strau{\ss} and Susanne A. Fritz and Bo Dalsgaard and D. Matthias Dehling and Michaela Plein and Francisco Saavedra and Brody Sandel and Jens-Christian Svenning and Katrin BÃ¶hning-Gaese and Carsten F. Dormann},
	editor = {Jose Gomez},
	title = {Ecological, historical and evolutionary determinants of modularity in weighted seed-dispersal networks},
	journal = {Ecology Letters}
}