@article{ID84894275982,
	doi = {10.1111/1365-2745.12213},
	url = {https://doi.org/10.1111%2F1365-2745.12213},
	year = 2014,
	month = {jan},
	publisher = {Wiley-Blackwell},
	volume = {102},
	number = {2},
	pages = {508-517},
	author = {Madeleine Doiron and Gilles Gauthier and Esther L{\'{e}}vesque},
	editor = {Jonathan Newman},
	title = {Effects of experimental warming on nitrogen concentration and biomass of forage plants for an arctic herbivore},
	journal = {Journal of Ecology}
}