@article{ID84885365043,
	doi = {10.5751/ace-00606-080201},
	url = {https://doi.org/10.5751%2Face-00606-080201},
	year = 2013,
	publisher = {Resilience Alliance, Inc.},
	volume = {8},
	number = {2},
	author = {Travis Longcore and Paul A. Smith},
	title = {On avian mortality associated with human activities},
	journal = {Avian Conservation and Ecology}
}