@article{ID84919441508,
	doi = {10.1007/s00442-014-3053-0},
	url = {https://doi.org/10.1007%2Fs00442-014-3053-0},
	year = 2014,
	month = {sep},
	publisher = {Springer Nature},
	volume = {176},
	number = {3},
	pages = {613-624},
	author = {Sophia G. Lavergne and Patrick O. McGowan and Charles J. Krebs and Rudy Boonstra},
	title = {Impact of high predation risk on genome-wide hippocampal gene expression in snowshoe hares},
	journal = {Oecologia}
}