@article{ID84867741185,
	doi = {10.1007/s12080-011-0148-7},
	url = {https://doi.org/10.1007%2Fs12080-011-0148-7},
	year = 2011,
	month = {dec},
	publisher = {Springer Nature},
	volume = {5},
	number = {4},
	pages = {567-589},
	author = {Frederic Barraquand and David John Murrell},
	title = {Evolutionarily stable consumer home range size in relation to resource demography and consumer spatial organization},
	journal = {Theoretical Ecology}
}