@article{ID84875596558,
	doi = {10.1111/j.1600-0706.2012.00238.x},
	url = {https://doi.org/10.1111%2Fj.1600-0706.2012.00238.x},
	year = 2013,
	month = {jan},
	publisher = {Wiley-Blackwell},
	volume = {122},
	number = {4},
	pages = {507-515},
	author = {Harry P. Andreassen and Petter Glorvigen and Alice R{\'{e}}my and Rolf A. Ims},
	title = {New views on how population-intrinsic and community-extrinsic processes interact during the vole population cycles},
	journal = {Oikos}
}