@article{ID84905586052,
	doi = {10.1016/j.mambio.2014.04.004},
	url = {https://doi.org/10.1016%2Fj.mambio.2014.04.004},
	year = 2014,
	month = {sep},
	publisher = {Elsevier {BV}},
	volume = {79},
	number = {5},
	pages = {306-312},
	author = {Natalya A. Sokolova and Aleksandr A. Sokolov and Rolf A. Ims and Gunhild Skogstad and Nicolas Lecomte and Vasiliy A. Sokolov and Nigel G. Yoccoz and Dorothee Ehrich},
	title = {Small rodents in the shrub tundra of Yamal (Russia): Density dependence in habitat use?},
	journal = {Mammalian Biology - Zeitschrift für Säugetierkunde}
}