@article{ID84960509707,
	doi = {10.1098/rsbl.2015.0803},
	url = {https://doi.org/10.1098%2Frsbl.2015.0803},
	year = 2015,
	month = {nov},
	publisher = {The Royal Society},
	volume = {11},
	number = {11},
	pages = {20150803},
	author = {Charmain D. Hamilton and Christian Lydersen and Rolf A. Ims and Kit M. Kovacs},
	title = {Predictions replaced by facts: A keystone species' behavioural responses to declining arctic sea-ice},
	journal = {Biology Letters}
}