@article{ID84885863274,
	doi = {10.1111/jbi.12149},
	url = {https://doi.org/10.1111%2Fjbi.12149},
	year = 2013,
	month = {jun},
	publisher = {Wiley-Blackwell},
	volume = {40},
	number = {11},
	pages = {2146-2155},
	author = {Xiaoting Xu and Zhiheng Wang and Carsten Rahbek and Jean-Philippe Lessard and Jingyun Fang},
	editor = {K. C. Burns},
	title = {Evolutionary history influences the effects of water-energy dynamics on oak diversity in asia},
	journal = {Journal of Biogeography}
}