@article{ID84934777422,
	doi = {10.3402/polar.v33.22749},
	url = {https://doi.org/10.3402%2Fpolar.v33.22749},
	year = 2014,
	month = {jan},
	publisher = {Informa {UK} Limited},
	volume = {33},
	number = {1},
	pages = {22749},
	author = {Glenn Yannic and Adrian Aebischer and Brigitte Sabard and Olivier Gilg},
	title = {Complete breeding failures in ivory gull following unusual rainy storms in North Greenland},
	journal = {Polar Research}
}