@article{ID84941313022,
	doi = {10.1371/journal.pone.0132359},
	url = {https://doi.org/10.1371%2Fjournal.pone.0132359},
	year = 2015,
	month = {jul},
	publisher = {Public Library of Science ({PLoS})},
	volume = {10},
	number = {7},
	pages = {e0132359},
	author = {Pernille Johansen Naundrup and Jens-Christian Svenning},
	editor = {Marco Festa-Bianchet},
	title = {A geographic assessment of the global scope for rewilding with wild-living horses (Equus ferus)},
	journal = {{PLOS} {ONE}}
}