@article{ID84867638304,
	doi = {10.1111/j.1466-8238.2011.00753.x},
	url = {https://doi.org/10.1111%2Fj.1466-8238.2011.00753.x},
	year = 2012,
	month = {feb},
	publisher = {Wiley-Blackwell},
	volume = {21},
	number = {11},
	pages = {1106-1113},
	author = {Andr{\'{e}}s Baselga and Jorge M. Lobo and Jens-Christian Svenning and Pedro Arag{\'{o}}n and Miguel B. Ara{\'{u}}jo},
	title = {Dispersal ability modulates the strength of the latitudinal richness gradient in European beetles},
	journal = {Global Ecology and Biogeography}
}