@article{ID84890792935,
	doi = {10.1111/1365-2656.12064},
	url = {https://doi.org/10.1111%2F1365-2656.12064},
	year = 2013,
	month = {mar},
	publisher = {Wiley-Blackwell},
	volume = {83},
	number = {1},
	pages = {59-69},
	author = {Daniel C. Reuman and Robert D. Holt and Gabriel Yvon-Durocher},
	editor = {Murray Humphries},
	title = {A metabolic perspective on competition and body size reductions with warming},
	journal = {Journal of Animal Ecology}
}