@article{ID84922657074,
	doi = {10.1016/j.foreco.2015.01.019},
	url = {https://doi.org/10.1016%2Fj.foreco.2015.01.019},
	year = 2015,
	month = {may},
	publisher = {Elsevier {BV}},
	volume = {343},
	pages = {1-8},
	author = {Zhishu Xiao and Zhibin Zhang and Charles J. Krebs},
	title = {Seed size and number make contrasting predictions on seed survival and dispersal dynamics: A case study from oil tea Camellia oleifera},
	journal = {Forest Ecology and Management}
}