@article{ID84875056657,
	doi = {10.1016/j.yhbeh.2012.12.011},
	url = {https://doi.org/10.1016%2Fj.yhbeh.2012.12.011},
	year = 2013,
	month = {mar},
	publisher = {Elsevier {BV}},
	volume = {63},
	number = {3},
	pages = {475-483},
	author = {Anne-Mathilde Thierry and Sylvie Massemin and Yves Handrich and Thierry Raclot},
	title = {Elevated corticosterone levels and severe weather conditions decrease parental investment of incubating Ad√©lie penguins},
	journal = {Hormones and Behavior}
}