@article{ID84859416735,
	doi = {10.1098/rspb.2011.2363},
	url = {https://doi.org/10.1098%2Frspb.2011.2363},
	year = 2012,
	month = {jan},
	publisher = {The Royal Society},
	volume = {279},
	number = {1735},
	pages = {2042-2051},
	author = {I. G. Alsos and D. Ehrich and W. Thuiller and P. B. Eidesen and A. Tribsch and P. Schonswetter and C. Lagaye and P. Taberlet and C. Brochmann},
	title = {Genetic consequences of climate change for northern plants},
	journal = {Proceedings of the Royal Society B: Biological Sciences}
}