@article{ID84857797433,
	doi = {10.1111/j.1469-7998.2011.00870.x},
	url = {https://doi.org/10.1111%2Fj.1469-7998.2011.00870.x},
	year = 2011,
	month = {oct},
	publisher = {Wiley-Blackwell},
	volume = {286},
	number = {3},
	pages = {171-178},
	author = {A.-L. Brochet and L. Dessborn and P. Legagneux and J. Elmberg and M. Gauthier-Clerc and H. Fritz and M. Guillemain},
	title = {Is diet segregation between dabbling ducks due to food partitioning? A review of seasonal patterns in the Western Palearctic},
	journal = {Journal of Zoology}
}