@article{ID84900513296,
	doi = {10.1002/etc.2388},
	url = {https://doi.org/10.1002%2Fetc.2388},
	year = 2014,
	month = {may},
	publisher = {Wiley-Blackwell},
	volume = {33},
	number = {7},
	pages = {1499-1507},
	author = {Christopher John Topping and Lene Jung Kjaer and Udo Hommen and Toke Thomas H{\o}ye and Thomas G. Preuss and Richard M. Sibly and Peter van Vliet},
	title = {Recovery based on plot experiments is a poor predictor of landscape-level population impacts of agricultural pesticides},
	journal = {Environmental Toxicology and Chemistry}
}