@article{ID84879567491,
	doi = {10.1890/12-0668.1},
	url = {https://doi.org/10.1890%2F12-0668.1},
	year = 2013,
	month = {jun},
	publisher = {Wiley-Blackwell},
	volume = {94},
	number = {6},
	pages = {1274-1279},
	author = {J. M. Fryxell and R. D. Holt},
	title = {Environmental change and the evolution of migration},
	journal = {Ecology}
}