@article{ID84957828115,
	doi = {10.14214/sf.1510},
	url = {https://doi.org/10.14214%2Fsf.1510},
	year = 2016,
	publisher = {Finnish Society of Forest Science},
	volume = {50},
	number = {2},
	author = {TÃ¤hti Pohjanmies and Sakina Elshibli and Pertti Pulkkinen and Mari Rusanen and Pekka Vakkari and Helena Korpelainen and Tomas Roslin},
	title = {Fragmentation-related patterns of genetic differentiation in pedunculate oak (Quercus robur) at two hierarchical scales},
	journal = {Silva Fennica}
}