@article{ID84938216282,
	doi = {10.1007/s10745-015-9750-4},
	url = {https://doi.org/10.1007%2Fs10745-015-9750-4},
	year = 2015,
	month = {jun},
	publisher = {Springer Nature},
	volume = {43},
	number = {3},
	pages = {379-394},
	author = {Alain Cuerrier and Nicolas D. Brunet and Jos{\'{e}} G{\'{e}}rin-Lajoie and Ashleigh Downing and Esther L{\'{e}}vesque},
	title = {The Study of Inuit Knowledge of Climate Change in Nunavik, Quebec: A Mixed Methods Approach},
	journal = {Human Ecology}
}