@article{ID84954286303,
	doi = {10.1111/geb.12422},
	url = {https://doi.org/10.1111%2Fgeb.12422},
	year = 2016,
	month = {jan},
	publisher = {Wiley-Blackwell},
	volume = {25},
	number = {4},
	pages = {489-501},
	author = {Dirk Nikolaus Karger and Anna F. Cord and Michael Kessler and Holger Kreft and Ingolf KÃ¼hn and Sven Pompe and Brody Sandel and Juliano Sarmento Cabral and Adam B. Smith and Jens-Christian Svenning and Hanna Tuomisto and Patrick Weigelt and Karsten Wesche},
	title = {Delineating probabilistic species pools in ecology and biogeography},
	journal = {Global Ecology and Biogeography}
}