@article{ID84891632912,
	doi = {10.1007/s10336-013-0998-4},
	url = {https://doi.org/10.1007%2Fs10336-013-0998-4},
	year = 2013,
	month = {aug},
	publisher = {Springer Nature},
	volume = {155},
	number = {1},
	pages = {165-172},
	author = {Matthieu Guillemain and Steven L. Van Wilgenburg and Pierre Legagneux and Keith A. Hobson},
	title = {Assessing geographic origins of Teal (Anas crecca) through stable-hydrogen (Î´<sup>2</sup>H) isotope analyses of feathers and ring-recoveries},
	journal = {Journal of Ornithology}
}