@article{ID84978700478,
	doi = {10.1650/condor-16-36.1},
	url = {https://doi.org/10.1650%2Fcondor-16-36.1},
	year = 2016,
	month = {aug},
	publisher = {Cooper Ornithological Society},
	volume = {118},
	number = {3},
	pages = {571-582},
	author = {Marie Perkins and Lisa Ferguson and Richard B. Lanctot and Iain J. Stenhouse and Steve Kendall and Stephen Brown and H. River Gates and Jeffery O. Hall and Kevin Regan and David C. Evers},
	title = {Mercury exposure and risk in breeding and staging Alaskan shorebirds},
	journal = {The Condor}
}