@article{ID84862684747,
	doi = {10.1111/j.1365-2699.2012.02689.x},
	url = {https://doi.org/10.1111%2Fj.1365-2699.2012.02689.x},
	year = 2012,
	month = {feb},
	publisher = {Wiley-Blackwell},
	volume = {39},
	number = {7},
	pages = {1318-1332},
	author = {Thea Kristiansen and Jens-Christian Svenning and Wolf L. Eiserhardt and Dennis Pedersen and Hans Brix and S{\o}ren Munch Kristiansen and Maria Knadel and C{\'{e}}sar Gr{\'{a}}ndez and Henrik Balslev},
	title = {Environment versus dispersal in the assembly of western Amazonian palm communities},
	journal = {Journal of Biogeography}
}