@article{ID84925487513,
	doi = {10.1007/s12229-014-9149-8},
	url = {https://doi.org/10.1007%2Fs12229-014-9149-8},
	year = 2015,
	month = {feb},
	publisher = {Springer Nature},
	volume = {81},
	number = {1},
	pages = {42-69},
	author = {Ingrid Olivares and Jens-Christian Svenning and Peter M. van Bodegom and Henrik Balslev},
	title = {Effects of Warming and Drought on the Vegetation and Plant Diversity in the Amazon Basin},
	journal = {The Botanical Review}
}