@article{ID84892501773,
	doi = {10.1111/gfs.12045},
	url = {https://doi.org/10.1111%2Fgfs.12045},
	year = 2013,
	month = {feb},
	publisher = {Wiley-Blackwell},
	volume = {69},
	number = {1},
	pages = {129-139},
	author = {J. W. Bjerke and A. K. Bergjord and I. M. Tombre and J. Madsen},
	title = {Reduced dairy grassland yields in Central Norway after a single springtime grazing event by pink-footed geese},
	journal = {Grass and Forage Science}
}