@article{ID84884543282,
	doi = {10.1017/s0266467413000515},
	url = {https://doi.org/10.1017%2Fs0266467413000515},
	year = 2013,
	month = {sep},
	publisher = {Cambridge University Press ({CUP})},
	volume = {29},
	number = {05},
	pages = {367-380},
	author = {David Beaune and Fran{\c{c}}ois Bretagnolle and Lo√Øc Bollache and Chlo{\'{e}} Bourson and Gottfried Hohmann and Barbara Fruth},
	title = {Ecological services performed by the bonobo (Pan paniscus): Seed dispersal effectiveness in tropical forest},
	journal = {Journal of Tropical Ecology}
}