@article{ID84927698598,
	doi = {10.1111/1365-2745.12394},
	url = {https://doi.org/10.1111%2F1365-2745.12394},
	year = 2015,
	month = {apr},
	publisher = {Wiley-Blackwell},
	volume = {103},
	number = {3},
	pages = {679-690},
	author = {Pascale Ropars and Esther L{\'{e}}vesque and St{\'{e}}phane Boudreau},
	editor = {Richard Bardgett},
	title = {How do climate and topography influence the greening of the forest-tundra ecotone in northern Qu√©bec? A dendrochronological analysis of Betula glandulosa},
	journal = {Journal of Ecology}
}