@article{ID84946887538,
	doi = {10.1016/j.ecolmodel.2015.10.005},
	url = {https://doi.org/10.1016%2Fj.ecolmodel.2015.10.005},
	year = 2016,
	month = {jan},
	publisher = {Elsevier {BV}},
	volume = {320},
	pages = {299-315},
	author = {Magda Chudzi{\'{n}}ska and Daniel Ayll{\'{o}}n and Jesper Madsen and Jacob Nabe-Nielsen},
	title = {Discriminating between possible foraging decisions using pattern-oriented modelling: The case of pink-footed geese in Mid-Norway during their spring migration},
	journal = {Ecological Modelling}
}