@article{ID84876695496,
	doi = {10.1007/s10750-012-1025-0},
	url = {https://doi.org/10.1007%2Fs10750-012-1025-0},
	year = 2012,
	month = {feb},
	publisher = {Springer Nature},
	volume = {710},
	number = {1},
	pages = {47-59},
	author = {Rosemberg Fernandes Menezes and Finn Borchsenius and Jens-Christian Svenning and Martin S{\o}ndergaard and Torben L. Lauridsen and Frank Landkildehus and Erik Jeppesen},
	title = {Variation in fish community structure, richness, and diversity in 56 Danish lakes with contrasting depth, size, and trophic state: Does the method matter?},
	journal = {Hydrobiologia}
}