@article{ID84903268012,
	doi = {10.1007/s10144-014-0440-7},
	url = {https://doi.org/10.1007%2Fs10144-014-0440-7},
	year = 2014,
	month = {apr},
	publisher = {Springer Nature},
	volume = {56},
	number = {3},
	pages = {551-553},
	author = {Fr{\'{e}}d{\'{e}}ric Barraquand and Jan Hu{\v{s}}ek},
	title = {Covariation between mean vole density and variability drives the numerical response of storks to vole prey},
	journal = {Population Ecology}
}