@article{ID84930587264,
	doi = {10.1139/er-2014-0076},
	url = {https://doi.org/10.1139%2Fer-2014-0076},
	year = 2015,
	month = {jun},
	publisher = {Canadian Science Publishing},
	volume = {23},
	number = {2},
	pages = {170-176},
	author = {Jim Hone and V. Alistair Drake and Charles J. Krebs},
	title = {Prescriptive and empirical principles of applied ecology},
	journal = {Environmental Reviews}
}