@article{ID84995450738,
	doi = {10.1016/j.envpol.2016.09.017},
	url = {https://doi.org/10.1016%2Fj.envpol.2016.09.017},
	year = 2016,
	month = {dec},
	publisher = {Elsevier {BV}},
	volume = {219},
	pages = {1131-1139},
	author = {F. Am{\'{e}}lineau and D. Bonnet and O. Heitz and V. Mortreux and A. M. A. Harding and N. Karnovsky and W. Walkusz and J. Fort and D. Gr{\'{e}}millet},
	title = {Microplastic pollution in the Greenland Sea: Background levels and selective contamination of planktivorous diving seabirds},
	journal = {Environmental Pollution}
}