@article{ID84855577330,
	doi = {10.1007/s00442-011-2059-0},
	url = {https://doi.org/10.1007%2Fs00442-011-2059-0},
	year = 2011,
	month = {jul},
	publisher = {Springer Nature},
	volume = {168},
	number = {1},
	pages = {141-151},
	author = {Doroth{\'{e}}e Ehrich and John-Andr{\'{e}} Henden and Rolf Anker Ims and Lilyia O. Doronina and Siw Turid Killengren and Nicolas Lecomte and Ivan G. Pokrovsky and Gunnhild Skogstad and Alexander A. Sokolov and Vasily A. Sokolov and Nigel Gilles Yoccoz},
	title = {The importance of willow thickets for ptarmigan and hares in shrub tundra: The more the better?},
	journal = {Oecologia}
}