@article{ID84952636992,
	doi = {10.1017/s0266467415000553},
	url = {https://doi.org/10.1017%2Fs0266467415000553},
	year = 2015,
	month = {oct},
	publisher = {Cambridge University Press ({CUP})},
	volume = {32},
	number = {01},
	pages = {79-82},
	author = {Luciana de Campos Franci and Jens-Christian Svenning and Henrik Balslev and Fernando Roberto Martins and Jacob Nabe-Nielsen},
	title = {The demography of a dominant Amazon liana species exhibits little environmental sensitivity},
	journal = {Journal of Tropical Ecology}
}