@article{ID84927176176,
	doi = {10.1111/j.1756-1051.2013.00217.x},
	url = {https://doi.org/10.1111%2Fj.1756-1051.2013.00217.x},
	year = 2013,
	month = {dec},
	publisher = {Wiley-Blackwell},
	volume = {33},
	number = {2},
	pages = {214-224},
	author = {Jantrararuk Tovaranonte and Anne Blach-Overgaard and Ratchada Pongsattayapipat and Jens-Christian Svenning and Anders S. Barfod},
	title = {Distribution and diversity of palms in a tropical biodiversity hotspot (Thailand) assessed by species distribution modeling},
	journal = {Nordic Journal of Botany}
}