@article{ID84863750783,
	doi = {10.3402/polar.v31i0.18432},
	url = {https://doi.org/10.3402%2Fpolar.v31i0.18432},
	year = 2012,
	month = {jan},
	publisher = {Informa {UK} Limited},
	volume = {31},
	number = {1},
	pages = {18432},
	author = {Dagmar Hagen and OddI. Vistad and Nina E. Eide and AnneC. Flyen and Kirstin Fangel},
	title = {Managing visitor sites in Svalbard: From a precautionary approach towards knowledge-based management},
	journal = {Polar Research}
}