@article{ID84941763002,
	doi = {10.1111/2041-210x.12449},
	url = {https://doi.org/10.1111%2F2041-210x.12449},
	year = 2015,
	month = {sep},
	publisher = {Wiley-Blackwell},
	volume = {7},
	number = {1},
	pages = {4-13},
	author = {S{\o}ren Faurby and Wolf L. Eiserhardt and Jens-Christian Svenning},
	editor = {Liam Revell},
	title = {Strong effects of variation in taxonomic opinion on diversification analyses},
	journal = {Methods in Ecology and Evolution}
}