@article{ID84961199253,
	doi = {10.1007/s13280-016-0770-0},
	url = {https://doi.org/10.1007%2Fs13280-016-0770-0},
	year = 2016,
	month = {mar},
	publisher = {Springer Nature},
	volume = {45},
	number = {5},
	pages = {516-537},
	author = {Stef Bokhorst and Stine H{\o}jlund Pedersen and Ludovic Brucker and Oleg Anisimov and Jarle W. Bjerke and Ross D. Brown and Dorothee Ehrich and Richard L. H. Essery and Achim Heilig and Susanne Ingvander and Cecilia Johansson and Margareta Johansson and Ingibj√∂rg Svala J{\'{o}}nsd{\'{o}}ttir and Niila Inga and Kari Luojus and Giovanni Macelloni and Heather Mariash and Donald McLennan and Gunhild Ninis Rosqvist and Atsushi Sato and Hannele Savela and Martin Schneebeli and Aleksandr Sokolov and Sergey A. Sokratov and Silvia Terzago and Dagrun Vikhamar-Schuler and Scott Williamson and Yubao Qiu and Terry V. Callaghan},
	title = {Changing Arctic snow cover: A review of recent developments and assessment of future needs for observations, modelling, and impacts},
	journal = {Ambio}
}