@article{ID84863749340,
	doi = {10.3402/polar.v31i0.17294},
	url = {https://doi.org/10.3402%2Fpolar.v31i0.17294},
	year = 2012,
	month = {jan},
	publisher = {Informa {UK} Limited},
	volume = {31},
	number = {1},
	pages = {17294},
	author = {Ivan Pokrovsky and Dorothee Ehrich and Rolf A. Ims and Olga Kulikova and Nicolas Lecomte and NigelG. Yoccoz},
	title = {Assessing the causes of breeding failure among the rough-legged buzzard (Buteo lagopus) during the nestling period},
	journal = {Polar Research}
}