@article{ID84883656738,
	doi = {10.1111/ddi.12105},
	url = {https://doi.org/10.1111%2Fddi.12105},
	year = 2013,
	month = {jun},
	publisher = {Wiley-Blackwell},
	volume = {19},
	number = {10},
	pages = {1322-1332},
	author = {J{\'{e}}r{\^{o}}me Fort and B{\o}rge Moe and Hallvard Str{\o}m and David Gr{\'{e}}millet and Jorg Welcker and Jannik Schultner and Kurt Jerstad and Kasper L. Johansen and Richard A. Phillips and Anders Mosbech},
	editor = {Jonathan Jeschke},
	title = {Multicolony tracking reveals potential threats to little auks wintering in the North Atlantic from marine pollution and shrinking sea ice cover},
	journal = {Diversity and Distributions}
}