@article{ID84955579020,
	doi = {10.1007/s00300-016-1893-2},
	url = {https://doi.org/10.1007%2Fs00300-016-1893-2},
	year = 2016,
	month = {jan},
	publisher = {Springer Nature},
	volume = {39},
	number = {12},
	pages = {2263-2272},
	author = {Rikke Reisner Hansen and Oskar Liset Pryds Hansen and Joseph James Bowden and Signe Normand and Christian Bay and Jesper Givskov S{\o}rensen and Toke Thomas H{\o}ye},
	title = {High spatial variation in terrestrial arthropod species diversity and composition near the Greenland ice cap},
	journal = {Polar Biology}
}