@article{ID84996929318,
	doi = {10.18194/ws.00020},
	url = {https://doi.org/10.18194%2Fws.00020},
	year = 2015,
	publisher = {International Wader Study Group},
	volume = {122},
	number = {3},
	author = {Ann E. McKellar and R. Kenyon Ross and R. I. Guy Morrison and Lawrence J. Niles and Ronald R. Porter and Joanna Burger and David J. Newstead and Amanda D. Dey and Paul A. Smith},
	title = {Shorebird use of western Hudson Bay near the Nelson river during migration, with a focus on the Red Knot},
	journal = {Wader Study},
	pages = {201-211}
}