@article{ID84975296822,
	doi = {10.1007/s10144-016-0552-3},
	url = {https://doi.org/10.1007%2Fs10144-016-0552-3},
	year = 2016,
	month = {jun},
	publisher = {Springer Nature},
	volume = {58},
	number = {3},
	pages = {395-405},
	author = {Adrien Pinot and Fr{\'{e}}d{\'{e}}ric Barraquand and Edoardo Tedesco and Vincent Lecoustre and Vincent Bretagnolle and Bertrand Gauffre},
	title = {Density-dependent reproduction causes winter crashes in a common vole population},
	journal = {Population Ecology}
}