@article{ID84950327054,
	doi = {10.1111/1755-0998.12489},
	url = {https://doi.org/10.1111%2F1755-0998.12489},
	year = 2015,
	month = {dec},
	publisher = {Wiley-Blackwell},
	volume = {16},
	number = {3},
	pages = {809-822},
	author = {H. Wirta and G. V{\'{a}}rkonyi and C. Rasmussen and R. Kaartinen and N. M. Schmidt and P. D. N. Hebert and M. Bart{\'{a}}k and G. Blagoev and H. Disney and S. Ertl and P. Gjelstrup and D. J. Gwiazdowicz and L. Huld{\'{e}}n and J. Ilmonen and J. Jakovlev and M. Jaschhof and J. Kahanpää and T. Kankaanpää and P. H. Krogh and R. Labbee and C. Lettner and V. Michelsen and S. A. Nielsen and T. R. Nielsen and L. Paasivirta and S. Pedersen and J. Pohjoismäki and J. Salmela and P. Vilkamaa and H. Väre and M. von Tschirnhaus and T. Roslin},
	title = {Establishing a community-wide DNA barcode library as a new tool for arctic research},
	journal = {Molecular Ecology Resources}
}