@article{ID84888599108,
	doi = {10.1146/annurev-ecolsys-110512-135753},
	url = {https://doi.org/10.1146%2Fannurev-ecolsys-110512-135753},
	year = 2013,
	month = {nov},
	publisher = {Annual Reviews},
	volume = {44},
	number = {1},
	pages = {503-538},
	author = {Brian R. Silliman and Michael W. McCoy and Christine Angelini and Robert D. Holt and John N. Griffin and Johan van de Koppel},
	title = {Consumer fronts, global change, and runaway collapse in ecosystems},
	journal = {Annual Review of Ecology, Evolution, and Systematics}
}