@article{ID84955270470,
	doi = {10.1017/s0376892915000363},
	url = {https://doi.org/10.1017%2Fs0376892915000363},
	year = 2016,
	month = {jan},
	publisher = {Cambridge University Press ({CUP})},
	volume = {43},
	number = {02},
	pages = {148-160},
	author = {AURELIE BOUVET and YOAN PAILLET and FREDERIC ARCHAUX and LAURENT TILLON and PASCAL DENIS and OLIVIER GILG and FREDERIC GOSSELIN},
	title = {Effects of forest structure, management and landscape on bird and bat communities},
	journal = {Environmental Conservation}
}