@article{ID84892547013,
	doi = {10.1111/1365-2664.12180},
	url = {https://doi.org/10.1111%2F1365-2664.12180},
	year = 2013,
	month = {nov},
	publisher = {Wiley-Blackwell},
	volume = {51},
	number = {1},
	pages = {234-241},
	author = {Virve T. Ravolainen and Kari Anne Br{\aa}then and Nigel G. Yoccoz and Julie K. Nguyen and Rolf A. Ims},
	editor = {Tomas PÃ¤rt},
	title = {Complementary impacts of small rodents and semi-domesticated ungulates limit tall shrub expansion in the tundra},
	journal = {Journal of Applied Ecology}
}