@article{ID84923574365,
	doi = {10.1098/rspb.2010.0301},
	url = {https://doi.org/10.1098%2Frspb.2010.0301},
	year = 2010,
	month = {mar},
	publisher = {The Royal Society},
	volume = {277},
	number = {1692},
	pages = {2331-2337},
	author = {V. Nystrom and L. Dalen and S. Vartanyan and K. Liden and N. Ryman and A. Angerbjorn},
	title = {Temporal genetic change in the last remaining population of woolly mammoth},
	journal = {Proceedings of the Royal Society B: Biological Sciences}
}