@article{ID84857481095,
	doi = {10.1111/j.1749-6632.2011.06412.x},
	url = {https://doi.org/10.1111%2Fj.1749-6632.2011.06412.x},
	year = 2012,
	month = {feb},
	publisher = {Wiley-Blackwell},
	volume = {1249},
	number = {1},
	pages = {166-190},
	author = {Olivier Gilg and Kit M. Kovacs and Jon Aars and J{\'{e}}r{\^{o}}me Fort and Gilles Gauthier and David Gr{\'{e}}millet and Rolf A. Ims and Hans Meltofte and J{\'{e}}r{\^{o}}me Moreau and Eric Post and Niels Martin Schmidt and Glenn Yannic and Lo√Øc Bollache},
	title = {Climate change and the ecology and evolution of Arctic vertebrates},
	journal = {Annals of the New York Academy of Sciences}
}