@article{ID84925538743,
	doi = {10.1007/s00442-015-3267-9},
	url = {https://doi.org/10.1007%2Fs00442-015-3267-9},
	year = 2015,
	month = {feb},
	publisher = {Springer Nature},
	volume = {177},
	number = {4},
	pages = {1211-1220},
	author = {MichaÃ«l Beaulieu and Daniel Gonz{\'{a}}lez-Acu{\~{n}}a and Anne-Mathilde Thierry and Michael J. Polito},
	title = {Relationships between isotopic values and oxidative status: insights from populations of gentoo penguins},
	journal = {Oecologia}
}