@article{ID84870824066,
	doi = {10.1016/j.agee.2012.09.009},
	url = {https://doi.org/10.1016%2Fj.agee.2012.09.009},
	year = 2013,
	month = {jan},
	publisher = {Elsevier {BV}},
	volume = {164},
	pages = {286-291},
	author = {Mette V. Odgaard and Jesper E. Moeslund and Peder K. B{\o}cher and Tommy Dalgaard and Jens-Christian Svenning},
	title = {The relative importance of geophysical constraints, amenity values, and farm-related factors in the dynamics of grassland set-aside},
	journal = {Agriculture, Ecosystems {\&} Environment}
}