@article{ID84904051852,
	doi = {10.1111/fwb.12401},
	url = {https://doi.org/10.1111%2Ffwb.12401},
	year = 2014,
	month = {jun},
	publisher = {Wiley-Blackwell},
	volume = {59},
	number = {9},
	pages = {1982-1995},
	author = {Clement Lagrue and Thomas Podgorniak and Antoine Lecerf and Lo√Øc Bollache},
	title = {An invasive species may be better than none: Invasive signal and native noble crayfish have similar community effects},
	journal = {Freshwater Biology}
}