@article{ID84880641252,
	doi = {10.1007/s11258-013-0230-x},
	url = {https://doi.org/10.1007%2Fs11258-013-0230-x},
	year = 2013,
	month = {jul},
	publisher = {Springer Nature},
	volume = {214},
	number = {8},
	pages = {1049-1058},
	author = {Matteo Campioli and Niels M. Schmidt and Kristian R. Albert and Niki Leblans and Helge Ro-Poulsen and Anders Michelsen},
	title = {Does warming affect growth rate and biomass production of shrubs in the High Arctic?},
	journal = {Plant Ecology}
}