@article{ID84897098962,
	doi = {10.1038/ncomms3474},
	url = {https://doi.org/10.1038%2Fncomms3474},
	year = 2013,
	month = {sep},
	publisher = {Springer Nature},
	volume = {4},
	author = {Brody Sandel and Jens-Christian Svenning},
	title = {Human impacts drive a global topographic signature in tree cover},
	journal = {Nature Communications}
}