@article{ID84923277941,
	doi = {10.1016/j.anbehav.2015.01.032},
	url = {https://doi.org/10.1016%2Fj.anbehav.2015.01.032},
	year = 2015,
	month = {apr},
	publisher = {Elsevier {BV}},
	volume = {102},
	pages = {217-221},
	author = {Matthias Galipaud and Lo√Øc Bollache and R{\'{e}}mi Wattier and Christine Dubreuil and Fran{\c{c}}ois-Xavier Dechaume-Moncharmont and Cl{\'{e}}ment Lagrue},
	title = {Overestimation of the strength of size-assortative pairing in taxa with cryptic diversity: A case of Simpson's paradox},
	journal = {Animal Behaviour}
}