@article{ID84866698202,
	doi = {10.1560/ijee.57.4.279},
	url = {https://doi.org/10.1560%2Fijee.57.4.279},
	year = 2011,
	month = {jan},
	publisher = {Brill Academic Publishers},
	volume = {57},
	number = {4},
	pages = {279-288},
	author = {Robert D. Holt},
	title = {IJEE Soapbox: A never-ending struggle: Becoming a better ecologist and evolutionary biologist},
	journal = {Israel Journal of Ecology {\&} Evolution}
}