@article{ID84960533585,
	doi = {10.3354/meps11598},
	url = {https://doi.org/10.3354%2Fmeps11598},
	year = 2016,
	month = {mar},
	publisher = {Inter-Research Science Center},
	volume = {545},
	pages = {261-277},
	author = {CD Hamilton and C Lydersen and RA Ims and KM Kovacs},
	title = {Coastal habitat use by ringed seals Pusa hispida following a regional sea-ice collapse: Importance of glacial refugia in a changing Arctic},
	journal = {Marine Ecology Progress Series}
}