@article{ID84979226373,
	doi = {10.1017/s0025315416000953},
	url = {https://doi.org/10.1017%2Fs0025315416000953},
	year = 2016,
	month = {jul},
	publisher = {Cambridge University Press ({CUP})},
	pages = {1-10},
	author = {Eduardo L{\'{o}}pez and Fred{\'{e}}ric Olivier and Cindy Grant and Philippe Archambault},
	title = {A new species and four new records of sedentary polychaetes from the Canadian High Arctic},
	journal = {Journal of the Marine Biological Association of the United Kingdom}
}