@article{ID84871010366,
	doi = {10.1111/j.2041-210x.2012.00195.x},
	url = {https://doi.org/10.1111%2Fj.2041-210x.2012.00195.x},
	year = 2012,
	month = {mar},
	publisher = {Wiley-Blackwell},
	volume = {3},
	number = {4},
	pages = {731-742},
	author = {Sandra Hamel and Nigel G. Yoccoz and Jean-Michel Gaillard},
	title = {Statistical evaluation of parameters estimating autocorrelation and individual heterogeneity in longitudinal studies},
	journal = {Methods in Ecology and Evolution}
}