@article{ID84886640067,
	doi = {10.3402/polar.v32i0.19719},
	url = {https://doi.org/10.3402%2Fpolar.v32i0.19719},
	year = 2013,
	month = {jan},
	publisher = {Informa {UK} Limited},
	volume = {32},
	number = {1},
	pages = {19719},
	author = {{\AA}shild {\O} Pedersen and Ingunn Tombre and Jane U Jepsen and Pernille B Eidesen and Eva Fuglei and Audun Stien},
	title = {Spatial patterns of goose grubbing suggest elevated grubbing in dry habitats linked to early snowmelt},
	journal = {Polar Research}
}