@article{ID84866907144,
	doi = {10.1111/j.1365-2435.2012.02048.x},
	url = {https://doi.org/10.1111%2Fj.1365-2435.2012.02048.x},
	year = 2012,
	month = {sep},
	publisher = {Wiley-Blackwell},
	volume = {26},
	number = {5},
	pages = {1001-1006},
	author = {David Gr{\'{e}}millet and Laurence Meslin and Am{\'{e}}lie LescroÃ«l},
	editor = {Charles Fox},
	title = {Heat dissipation limit theory and the evolution of avian functional traits in a warming world},
	journal = {Functional Ecology}
}