@article{ID84867192815,
	doi = {10.1016/j.tree.2012.07.006},
	url = {https://doi.org/10.1016%2Fj.tree.2012.07.006},
	year = 2012,
	month = {nov},
	publisher = {Elsevier {BV}},
	volume = {27},
	number = {11},
	pages = {600-607},
	author = {Jean-Philippe Lessard and Jonathan Belmaker and Jonathan A. Myers and Jonathan M. Chase and Carsten Rahbek},
	title = {Inferring local ecological processes amid species pool influences},
	journal = {Trends in Ecology {\&} Evolution}
}