@article{ID84857332338,
	doi = {10.1016/j.actao.2012.01.007},
	url = {https://doi.org/10.1016%2Fj.actao.2012.01.007},
	year = 2012,
	month = {feb},
	publisher = {Elsevier {BV}},
	volume = {39},
	pages = {128-135},
	author = {Cintia Gomes de Freitas and Fl{\'{a}}via Regina Capellotto Costa and Jens-Christian Svenning and Henrik Balslev},
	title = {Topographic separation of two sympatric palms in the central Amazon - does dispersal play a role?},
	journal = {Acta Oecologica}
}