@article{ID84961279167,
	doi = {10.1371/journal.pone.0151110},
	url = {https://doi.org/10.1371%2Fjournal.pone.0151110},
	year = 2016,
	month = {mar},
	publisher = {Public Library of Science ({PLoS})},
	volume = {11},
	number = {3},
	pages = {e0151110},
	author = {R{\'{e}}nald Belley and Paul V. R. Snelgrove and Philippe Archambault and S. Kim Juniper},
	editor = {Kay C. Vopel},
	title = {Environmental Drivers of Benthic Flux Variation and Ecosystem Functioning in Salish Sea and Northeast Pacific Sediments},
	journal = {{PLOS} {ONE}}
}