@article{ID84928725967,
	doi = {10.1890/es14-00438.1},
	url = {https://doi.org/10.1890%2Fes14-00438.1},
	year = 2015,
	month = {apr},
	publisher = {Wiley-Blackwell},
	volume = {6},
	number = {4},
	pages = {art53},
	author = {Zhishu Xiao and Charles J. Krebs},
	title = {Modeling the costs and benefits of seed scatterhoarding to plants},
	journal = {Ecosphere}
}