@article{ID84934934054,
	doi = {10.1016/j.ecolmodel.2015.06.004},
	url = {https://doi.org/10.1016%2Fj.ecolmodel.2015.06.004},
	year = 2015,
	month = {sep},
	publisher = {Elsevier {BV}},
	volume = {312},
	pages = {374-384},
	author = {Zhibin Zhang and Chuan Yan and Charles J. Krebs and Nils Chr. Stenseth},
	title = {Ecological non-monotonicity and its effects on complexity and stability of populations, communities and ecosystems},
	journal = {Ecological Modelling}
}