@article{ID84893698270,
	doi = {10.1111/gcb.12467},
	url = {https://doi.org/10.1111%2Fgcb.12467},
	year = 2014,
	month = {jan},
	publisher = {Wiley-Blackwell},
	volume = {20},
	number = {3},
	pages = {730-741},
	author = {Camille Albouy and Laure Velez and Marta Coll and Francesco Colloca and Fran{\c{c}}ois Le Loc{\textquotesingle}h and David Mouillot and Dominique Gravel},
	title = {From projected species distribution to food-web structure under climate change},
	journal = {Global Change Biology}
}