@article{ID84988354355,
	doi = {10.1177/0748730416662778},
	url = {https://doi.org/10.1177%2F0748730416662778},
	year = 2016,
	month = {sep},
	publisher = {{SAGE} Publications},
	volume = {31},
	number = {5},
	pages = {522-533},
	author = {Nicholas J. C. Tyler and Pablo Gregorini and Mads C. Forchhammer and Karl-Arne Stokkan and Bob E. H. van Oort and David G. Hazlerigg},
	title = {Behavioral timing without clockwork: Photoperiod-dependent trade-off between predation hazard and energy balance in an arctic ungulate},
	journal = {Journal of Biological Rhythms}
}