@incollection{ID84989932019,
	doi = {10.1007/978-3-319-45738-3_1},
	url = {https://doi.org/10.1007%2F978-3-319-45738-3_1},
	year = 2016,
	publisher = {Springer International Publishing},
	pages = {3-17},
	author = {Cici Alexander and Lars Arge and Peder Klith B{\o}cher and Morten Revsb{\ae}k and Brody Sandel and Jens-Christian Svenning and Constantinos Tsirogiannis and Jungwoo Yang},
	title = {Computing river floods using massive terrain data},
	booktitle = {Geographic Information Science},
	volume = {9927 LNCS},
	journal = {Lecture Notes in Computer Science (including subseries Lecture Notes in Artificial Intelligence and Lecture Notes in Bioinformatics)}
}