@article{ID84926285967,
	doi = {10.1080/17513758.2014.978399},
	url = {https://doi.org/10.1080%2F17513758.2014.978399},
	year = 2014,
	month = {nov},
	publisher = {Informa {UK} Limited},
	volume = {9},
	number = {1},
	pages = {15-33},
	author = {Andrew R. Kanarek and Colleen T. Webb and Michael Barfield and Robert D. Holt},
	title = {Overcoming allee effects through evolutionary, genetic, and demographic rescue},
	journal = {Journal of Biological Dynamics}
}