@article{ID84984837659,
	doi = {10.1642/auk-16-54.1},
	url = {https://doi.org/10.1642%2Fauk-16-54.1},
	year = 2016,
	month = {oct},
	publisher = {American Ornithologists{\textquotesingle} Union},
	volume = {133},
	number = {4},
	pages = {718-732},
	author = {Andr{\'{e}}anne Beardsell and Gilles Gauthier and Jean-Fran{\c{c}}ois Therrien and JoÃ«l B{\^{e}}ty},
	title = {Nest site characteristics, patterns of nest reuse, and reproductive output in an Arctic-nesting raptor, the Rough-legged Hawk},
	journal = {The Auk}
}