@article{ID84990956887,
	doi = {10.1080/15659801.2016.1233690},
	url = {https://doi.org/10.1080%2F15659801.2016.1233690},
	year = 2016,
	month = {oct},
	publisher = {Brill Academic Publishers},
	volume = {62},
	number = {3-4},
	pages = {113-117},
	author = {Robert D. Holt},
	title = {A meditation on life, death, and meaning},
	journal = {Israel Journal of Ecology {\&} Evolution}
}