@article{ID84870368311,
	doi = {10.1007/s00227-012-2035-1},
	url = {https://doi.org/10.1007%2Fs00227-012-2035-1},
	year = 2012,
	month = {aug},
	publisher = {Springer Nature},
	author = {Emeline Pettex and Svein-H{\aa}kon Lorentsen and David Gr{\'{e}}millet and Olivier Gimenez and Robert T. Barrett and Jean-Baptiste Pons and C{\'{e}}line Bohec and Francesco Bonadonna},
	title = {Multi-scale foraging variability in Northern gannet (Morus bassanus) fuels potential foraging plasticity},
	journal = {Marine Biology},
	volume = {159},
	number = {12},
	pages = {2743-2756}
}