@article{ID84903943847,
	doi = {10.1676/13-157.1},
	url = {https://doi.org/10.1676%2F13-157.1},
	year = 2014,
	month = {jun},
	publisher = {Wilson Ornithological Society},
	volume = {126},
	number = {2},
	pages = {333-338},
	author = {Sarah Baldo and Daniel J. Mennill and Sarah Guindre-Parker and H. Grant Gilchrist and Oliver P. Love},
	title = {Snow buntings sing individually distinctive songs and show inter-annual variation in song structure},
	journal = {The Wilson Journal of Ornithology}
}