@article{ID84984660092,
	doi = {10.1038/ncomms12457},
	url = {https://doi.org/10.1038%2Fncomms12457},
	year = 2016,
	month = {aug},
	publisher = {Springer Nature},
	volume = {7},
	pages = {12457},
	author = {Dominique Gravel and Fran{\c{c}}ois Massol and Mathew A. Leibold},
	title = {Stability and complexity in model meta-ecosystems},
	journal = {Nature Communications}
}