@article{ID84978971938,
	doi = {10.1111/mms.12341},
	url = {https://doi.org/10.1111%2Fmms.12341},
	year = 2016,
	month = {jul},
	publisher = {Wiley-Blackwell},
	volume = {32},
	number = {4},
	pages = {1340-1369},
	author = {Marie-Anne Blanchet and Christian Lydersen and Rolf A. Ims and Kit M. Kovacs},
	title = {Making it through the first year: Ontogeny of movement and diving behavior in harbor seals from Svalbard, Norway},
	journal = {Marine Mammal Science}
}