@article{ID84878063157,
	doi = {10.1890/12-1342.1},
	url = {https://doi.org/10.1890%2F12-1342.1},
	year = 2013,
	month = {may},
	publisher = {Wiley-Blackwell},
	volume = {94},
	number = {5},
	pages = {1112-1122},
	author = {Christopher Sandom and Lars Dalby and Camilla Fl{\o}jgaard and W. Daniel Kissling and Jonathan Lenoir and Brody Sandel and Kristian Tr{\o}jelsgaard and Rasmus Ejrn{\ae}s and Jens-Christian Svenning},
	title = {Mammal predator and prey species richness are strongly linked at macroscales},
	journal = {Ecology}
}