@article{ID84954142020,
	doi = {10.1111/ecog.01714},
	url = {https://doi.org/10.1111%2Fecog.01714},
	year = 2016,
	month = {jan},
	publisher = {Wiley-Blackwell},
	volume = {39},
	number = {10},
	pages = {921-931},
	author = {K{\'{e}}vin Cazelles and Nicolas Mouquet and David Mouillot and Dominique Gravel},
	title = {On the integration of biotic interaction and environmental constraints at the biogeographical scale},
	journal = {Ecography}
}