@article{ID84927910387,
	doi = {10.1111/evo.12622},
	url = {https://doi.org/10.1111%2Fevo.12622},
	year = 2015,
	month = {mar},
	publisher = {Wiley-Blackwell},
	volume = {69},
	number = {4},
	pages = {879-889},
	author = {Knud Andreas J{\o}nsson and Jean-Philippe Lessard and Robert E. Ricklefs},
	title = {The evolution of morphological diversity in continental assemblages of passerine birds},
	journal = {Evolution}
}