@article{ID84876327927,
	doi = {10.1126/science.1228992},
	url = {https://doi.org/10.1126%2Fscience.1228992},
	year = 2013,
	month = {apr},
	publisher = {American Association for the Advancement of Science ({AAAS})},
	volume = {340},
	number = {6128},
	pages = {63-66},
	author = {T. Cornulier and N. G. Yoccoz and V. Bretagnolle and J. E. Brommer and A. Butet and F. Ecke and D. A. Elston and E. Framstad and H. Henttonen and B. Hornfeldt and O. Huitu and C. Imholt and R. A. Ims and J. Jacob and B. Jedrzejewska and A. Millon and S. J. Petty and H. Pietiainen and E. Tkadlec and K. Zub and X. Lambin},
	title = {Europe-wide dampening of population cycles in keystone herbivores},
	journal = {Science}
}