@article{ID84939180220,
	doi = {10.1890/es14-00549.1},
	url = {https://doi.org/10.1890%2Fes14-00549.1},
	year = 2015,
	month = {jun},
	publisher = {Wiley-Blackwell},
	volume = {6},
	number = {6},
	pages = {art101},
	author = {TÃ¤hti Pohjanmies and Ayco J. M. Tack and Pertti Pulkkinen and Sakina Elshibli and Pekka Vakkari and Tomas Roslin},
	title = {Genetic diversity and connectivity shape herbivore load within an oak population at its range limit},
	journal = {Ecosphere}
}