@article{ID84903190386,
	doi = {10.1890/13-0956.1},
	url = {https://doi.org/10.1890%2F13-0956.1},
	year = 2014,
	month = {may},
	publisher = {Wiley-Blackwell},
	volume = {95},
	number = {5},
	pages = {1332-1340},
	author = {Marie-Andr{\'{e}}e Giroux and Jean-Pierre Tremblay and Marie Anouk Simard and Nigel G. Yoccoz and Steeve D. C{\^{o}}t{\'{e}}},
	title = {Forage-mediated density and climate effects on body mass in a temperate herbivore: A mechanistic approach},
	journal = {Ecology}
}