@article{ID84955251594,
	doi = {10.1111/boj.12362},
	url = {https://doi.org/10.1111%2Fboj.12362},
	year = 2015,
	month = {dec},
	publisher = {Oxford University Press ({OUP})},
	volume = {180},
	number = {2},
	pages = {141-160},
	author = {Kristine Engemann and Brody Sandel and Brian J. Enquist and Peter M{\o}ller J{\o}rgensen and Nathan Kraft and Aaron Marcuse-Kubitza and Brian McGill and Naia Morueta-Holme and Robert K. Peet and Cyrille Violle and Susan Wiser and Jens-Christian Svenning},
	title = {Patterns and drivers of plant functional group dominance across the Western Hemisphere: A macroecological re-assessment based on a massive botanical dataset},
	journal = {Botanical Journal of the Linnean Society}
}