@article{ID84946917031,
	doi = {10.1007/s10682-015-9789-0},
	url = {https://doi.org/10.1007%2Fs10682-015-9789-0},
	year = 2015,
	month = {nov},
	publisher = {Springer Nature},
	volume = {29},
	number = {6},
	pages = {887-904},
	author = {Robert D. Holt and Michael Barfield},
	title = {The influence of imperfect matching habitat choice on evolution in sourceâ€“sink environments},
	journal = {Evolutionary Ecology}
}