@article{ID84875236285,
	doi = {10.1016/j.seares.2012.10.009},
	url = {https://doi.org/10.1016%2Fj.seares.2012.10.009},
	year = 2013,
	month = {apr},
	publisher = {Elsevier {BV}},
	volume = {78},
	pages = {75-84},
	author = {Charlotte Moritz and M{\'{e}}lanie L{\'{e}}vesque and Dominique Gravel and Sandrine Vaz and Diane Archambault and Philippe Archambault},
	title = {Modelling spatial distribution of epibenthic communities in the Gulf of St. Lawrence (Canada)},
	journal = {Journal of Sea Research}
}