@article{ID84952863744,
	doi = {10.1007/s00442-015-3455-7},
	url = {https://doi.org/10.1007%2Fs00442-015-3455-7},
	year = 2015,
	month = {oct},
	publisher = {Springer Nature},
	volume = {180},
	number = {1},
	pages = {149-159},
	author = {Guoliang Li and Baofa Yin and Xinrong Wan and Wanhong Wei and Guiming Wang and Charles J. Krebs and Zhibin Zhang},
	title = {Successive sheep grazing reduces population density of Brandtâ€™s voles in steppe grassland by altering food resources: a large manipulative experiment},
	journal = {Oecologia}
}