@article{ID84896086856,
	doi = {10.5194/bg-11-1361-2014},
	url = {https://doi.org/10.5194%2Fbg-11-1361-2014},
	year = 2014,
	month = {mar},
	publisher = {Copernicus {GmbH}},
	volume = {11},
	number = {5},
	pages = {1361-1370},
	author = {G. Feng and X. C. Mi and P. K. B{\o}cher and L. F. Mao and B. Sandel and M. Cao and W. H. Ye and Z. Q. Hao and H. D. Gong and Y. T. Zhang and X. H. Zhao and G. Z. Jin and K. P. Ma and J.-C. Svenning},
	title = {Relative roles of local disturbance, current climate and paleoclimate in determining phylogenetic and functional diversity in Chinese forests},
	journal = {Biogeosciences}
}