@article{ID84986576756,
	doi = {10.1139/gen-2015-0229},
	url = {https://doi.org/10.1139%2Fgen-2015-0229},
	year = 2016,
	month = {sep},
	publisher = {Canadian Science Publishing},
	volume = {59},
	number = {9},
	pages = {603-628},
	author = {Tomas Roslin and Sanna Majaneva},
	editor = {Elizabeth Clare},
	title = {The use of DNA barcodes in food web construction-terrestrial and aquatic ecologists unite!},
	journal = {Genome}
}