@article{ID84940956185,
	doi = {10.1007/s00300-015-1733-9},
	url = {https://doi.org/10.1007%2Fs00300-015-1733-9},
	year = 2015,
	month = {jun},
	publisher = {Springer Nature},
	volume = {38},
	number = {10},
	pages = {1667-1675},
	author = {Niels Martin Schmidt and Stine H{\o}jlund Pedersen and Jesper Bruun Mosbacher and Lars Holst Hansen},
	title = {Long-term patterns of muskox (Ovibos moschatus) demographics in high arctic Greenland},
	journal = {Polar Biology}
}