@article{ID84900002840,
	doi = {10.1890/es13-00233.1},
	url = {https://doi.org/10.1890%2Fes13-00233.1},
	year = 2014,
	month = {jan},
	publisher = {Wiley-Blackwell},
	volume = {5},
	number = {1},
	pages = {art4},
	author = {A. Ponchon and D. Gr{\'{e}}millet and S. Christensen-Dalsgaard and K. E. Erikstad and R. T. Barrett and T. K. Reiertsen and K. D. McCoy and T. Tveraa and T. Boulinier},
	title = {When things go wrong: Intra-season dynamics of breeding failure in a seabird},
	journal = {Ecosphere}
}