@article{ID84870761657,
	doi = {10.1111/j.1474-919x.2012.01257.x},
	url = {https://doi.org/10.1111%2Fj.1474-919x.2012.01257.x},
	year = 2012,
	month = {jul},
	publisher = {Wiley-Blackwell},
	volume = {155},
	number = {1},
	pages = {80-88},
	author = {Lars Dalby and Anthony D. Fox and Ib K. Petersen and Simon Delany and Jens-Christian Svenning},
	editor = {Lorien Pichegru},
	title = {Temperature does not dictate the wintering distributions of European dabbling duck species},
	journal = {Ibis}
}