@article{ID84989325582,
	doi = {10.1098/rspb.2016.1271},
	url = {https://doi.org/10.1098%2Frspb.2016.1271},
	year = 2016,
	month = {sep},
	publisher = {The Royal Society},
	volume = {283},
	number = {1839},
	pages = {20161271},
	author = {Mikko Tiusanen and Paul D. N. Hebert and Niels Martin Schmidt and Tomas Roslin},
	title = {One fly to rule them allâ€”Muscid flies are the key pollinators in the arctic},
	journal = {Proceedings of the Royal Society B: Biological Sciences}
}