@article{ID84878371699,
	doi = {10.1111/jofo.12019},
	url = {https://doi.org/10.1111%2Fjofo.12019},
	year = 2013,
	month = {may},
	publisher = {Wiley-Blackwell},
	volume = {84},
	number = {2},
	pages = {201-209},
	author = {Pierre Legagneux and Alice-Anne Simard and Gilles Gauthier and JoÃ«l B{\^{e}}ty},
	title = {Effect of neck collars on the body condition of migrating Greater Snow Geese},
	journal = {Journal of Field Ornithology}
}