@article{ID84912523408,
	doi = {10.1111/ecog.00836},
	url = {https://doi.org/10.1111%2Fecog.00836},
	year = 2014,
	month = {sep},
	publisher = {Wiley-Blackwell},
	volume = {37},
	number = {12},
	pages = {1155-1166},
	author = {Wilfried Thuiller and Tamara Münkemüller and Katja H. Schiffers and Damien Georges and Stefan Dullinger and Vincent M. Eckhart and Thomas C. Edwards and Dominique Gravel and Georges Kunstler and Cory Merow and Kara Moore and Christian Piedallu and Steve Vissault and Niklaus E. Zimmermann and Damaris Zurell and Frank M. Schurr},
	title = {Does probability of occurrence relate to population dynamics?},
	journal = {Ecography}
}