@article{ID84939895477,
	doi = {10.1007/s10336-014-1080-6},
	url = {https://doi.org/10.1007%2Fs10336-014-1080-6},
	year = 2014,
	month = {may},
	publisher = {Springer Nature},
	volume = {155},
	number = {4},
	pages = {951-958},
	author = {Kevin Kuhlmann Clausen and Jesper Madsen},
	title = {Effects of neckbands on body condition of migratory geese},
	journal = {Journal of Ornithology}
}