@article{ID84866872812,
	doi = {10.1098/rspb.2012.1490},
	url = {https://doi.org/10.1098%2Frspb.2012.1490},
	year = 2012,
	month = {sep},
	publisher = {The Royal Society},
	volume = {279},
	number = {1746},
	pages = {4417-4422},
	author = {N. M. Schmidt and R. A. Ims and T. T. Hoye and O. Gilg and L. H. Hansen and J. Hansen and M. Lund and E. Fuglei and M. C. Forchhammer and B. Sittler},
	title = {Response of an arctic predator guild to collapsing lemming cycles},
	journal = {Proceedings of the Royal Society B: Biological Sciences}
}