@article{ID84994115517,
	doi = {10.1098/rsbl.2016.0235},
	url = {https://doi.org/10.1098%2Frsbl.2016.0235},
	year = 2016,
	month = {sep},
	publisher = {The Royal Society},
	volume = {12},
	number = {9},
	pages = {20160235},
	author = {Deborah A. Jenkins and Nicolas Lecomte and James A. Schaefer and Steffen M. Olsen and Didier Swingedouw and Steeve D. C{\^{o}}t{\'{e}} and Lo√Øc Pellissier and Glenn Yannic},
	title = {Loss of connectivity among islanddwelling Peary caribou following sea ice decline},
	journal = {Biology Letters}
}