@article{ID84861346964,
	doi = {10.1007/s11284-012-0929-5},
	url = {https://doi.org/10.1007%2Fs11284-012-0929-5},
	year = 2012,
	month = {feb},
	publisher = {Springer Nature},
	volume = {27},
	number = {3},
	pages = {481-493},
	author = {Gaku Takimoto and David M. Post and David A. Spiller and Robert D. Holt},
	title = {Effects of productivity, disturbance, and ecosystem size on food-chain length: Insights from a metacommunity model of intraguild predation},
	journal = {Ecological Research}
}