@article{ID84865786526,
	doi = {10.1017/s0266467412000466},
	url = {https://doi.org/10.1017%2Fs0266467412000466},
	year = 2012,
	month = {aug},
	publisher = {Cambridge University Press ({CUP})},
	volume = {28},
	number = {05},
	pages = {507-510},
	author = {David Beaune and Lo√Øc Bollache and Fran{\c{c}}ois Bretagnolle and Barbara Fruth},
	title = {Dung beetles are critical in preventing post-dispersal seed removal by rodents in Congo rain forest},
	journal = {Journal of Tropical Ecology}
}