@article{ID84855526916,
	doi = {10.1111/j.1466-8238.2011.00674.x},
	url = {https://doi.org/10.1111%2Fj.1466-8238.2011.00674.x},
	year = 2011,
	month = {may},
	publisher = {Wiley-Blackwell},
	volume = {21},
	number = {2},
	pages = {152-163},
	author = {Ralf Ohlem√ºller and Brian Huntley and Signe Normand and Jens-Christian Svenning},
	title = {Potential source and sink locations for climate-driven species range shifts in Europe since the Last Glacial Maximum},
	journal = {Global Ecology and Biogeography}
}