@article{ID84878209215,
	doi = {10.1098/rsbl.2012.1192},
	url = {https://doi.org/10.1098%2Frsbl.2012.1192},
	year = 2013,
	month = {mar},
	publisher = {The Royal Society},
	volume = {9},
	number = {3},
	pages = {20121192-20121192},
	author = {D. J. McCafferty and C. Gilbert and A.-M. Thierry and J. Currie and Y. Le Maho and A. Ancel},
	title = {Emperor penguin body surfaces cool below air temperature},
	journal = {Biology Letters}
}