@article{ID84882868341,
	doi = {10.1007/s00442-013-2613-z},
	url = {https://doi.org/10.1007%2Fs00442-013-2613-z},
	year = 2013,
	month = {mar},
	publisher = {Springer Nature},
	volume = {173},
	number = {1},
	pages = {151-160},
	author = {Guillaume Souchay and Gilles Gauthier and Roger Pradel},
	title = {Temporal variation of juvenile survival in a long-lived species: The role of parasites and body condition},
	journal = {Oecologia}
}