@article{ID84969849809,
	doi = {10.1007/s00442-016-3661-y},
	url = {https://doi.org/10.1007%2Fs00442-016-3661-y},
	year = 2016,
	month = {may},
	publisher = {Springer Nature},
	volume = {182},
	number = {1},
	pages = {163-175},
	author = {Matti Landvik and Pekka Niemel√§ and Tomas Roslin},
	title = {Mother knows the best mould: an essential role for non-wood dietary components in the life cycle of a saproxylic scarab beetle},
	journal = {Oecologia}
}