@article{ID84863521582,
	doi = {10.1111/j.1466-8238.2011.00733.x},
	url = {https://doi.org/10.1111%2Fj.1466-8238.2011.00733.x},
	year = 2011,
	month = {dec},
	publisher = {Wiley-Blackwell},
	volume = {21},
	number = {8},
	pages = {851-860},
	author = {Jonathan Lenoir and Risto Virtanen and Jari Oksanen and Lauri Oksanen and Miska Luoto and John-Arvid Grytnes and Jens-Christian Svenning},
	title = {Dispersal ability links to cross-scale species diversity patterns across the Eurasian Arctic tundra},
	journal = {Global Ecology and Biogeography}
}