@article{ID84886309001,
	doi = {10.1016/j.biocon.2013.09.018},
	url = {https://doi.org/10.1016%2Fj.biocon.2013.09.018},
	year = 2013,
	month = {dec},
	publisher = {Elsevier {BV}},
	volume = {168},
	pages = {134-143},
	author = {Anthony J. Gaston and Kyle H. Elliott and Yan Ropert-Coudert and Akiko Kato and Christie A. Macdonald and Mark L. Mallory and H. Grant Gilchrist},
	title = {Modeling foraging range for breeding colonies of thick-billed murres Uria lomvia in the Eastern Canadian Arctic and potential overlap with industrial development},
	journal = {Biological Conservation}
}