@article{ID84911984031,
	doi = {10.1111/fwb.12453},
	url = {https://doi.org/10.1111%2Ffwb.12453},
	year = 2014,
	month = {sep},
	publisher = {Wiley-Blackwell},
	volume = {59},
	number = {12},
	pages = {2555-2570},
	author = {Clement Lagrue and Remi Wattier and Matthias Galipaud and Zoe Gauthey and Jean-Paul Rullmann and Christine Dubreuil and Thierry Rigaud and Loic Bollache},
	title = {Confrontation of cryptic diversity and mate discrimination within Gammarus pulex and Gammarus fossarum species complexes},
	journal = {Freshwater Biology}
}