@article{ID84907976864,
	doi = {10.1002/aqc.2393},
	url = {https://doi.org/10.1002%2Faqc.2393},
	year = 2013,
	month = {sep},
	publisher = {Wiley-Blackwell},
	volume = {24},
	number = {5},
	pages = {712-723},
	author = {Signe M. Andersen and Jonas Teilmann and Rune Dietz and Niels M. Schmidt and Lee A. Miller},
	title = {Disturbance-induced responses of VHF and satellite tagged harbour seals},
	journal = {Aquatic Conservation: Marine and Freshwater Ecosystems}
}