@article{ID84881537548,
	doi = {10.1017/s0025315413000519},
	url = {https://doi.org/10.1017%2Fs0025315413000519},
	year = 2013,
	month = {may},
	publisher = {Cambridge University Press ({CUP})},
	volume = {93},
	number = {06},
	pages = {1543-1552},
	author = {Flora Salvo and Suzanne C. Dufour and Philippe Archambault and Georges Stora and Gaston Desrosiers},
	title = {Spatial distribution of Alitta virens burrows in intertidal sediments studied by axial tomodensitometry},
	journal = {Journal of the Marine Biological Association of the United Kingdom}
}