@article{ID84857080128,
	doi = {10.1371/journal.pone.0029659},
	url = {https://doi.org/10.1371%2Fjournal.pone.0029659},
	year = 2012,
	month = {feb},
	publisher = {Public Library of Science ({PLoS})},
	volume = {7},
	number = {2},
	pages = {e29659},
	author = {S{\'{e}}bastien Descamps and St{\'{e}}phanie Jenouvrier and H. Grant Gilchrist and Mark R. Forbes},
	editor = {Yan Ropert-Coudert},
	title = {Avian cholera, a threat to the viability of an arctic seabird colony?},
	journal = {{PLoS} {ONE}}
}