@article{ID84963827999,
	doi = {10.1002/ece3.2131},
	url = {https://doi.org/10.1002%2Fece3.2131},
	year = 2016,
	month = {apr},
	publisher = {Wiley-Blackwell},
	volume = {6},
	number = {10},
	pages = {3405-3416},
	author = {Alejandro Ordonez and Jens-Christian Svenning},
	title = {Strong paleoclimatic legacies in current plant functional diversity patterns across Europe},
	journal = {Ecology and Evolution}
}