@article{ID84879547239,
	doi = {10.1371/journal.pone.0068292},
	url = {https://doi.org/10.1371%2Fjournal.pone.0068292},
	year = 2013,
	month = {jun},
	publisher = {Public Library of Science ({PLoS})},
	volume = {8},
	number = {6},
	pages = {e68292},
	author = {Magali Petit and Agn{\`{e}}s Lewden and Fran{\c{c}}ois V{\'{e}}zina},
	editor = {Adam~J. Munn},
	title = {Intra-Seasonal Flexibility in Avian Metabolic Performance Highlights the Uncoupling of Basal Metabolic Rate and Thermogenic Capacity},
	journal = {{PLoS} {ONE}}
}