@article{ID84919876333,
	doi = {10.1007/s00227-014-2538-z},
	url = {https://doi.org/10.1007%2Fs00227-014-2538-z},
	year = 2014,
	month = {sep},
	publisher = {Springer Nature},
	volume = {161},
	number = {11},
	pages = {2669-2680},
	author = {David Gr{\'{e}}millet and Clara P{\'{e}}ron and Jean-Baptiste Pons and Ridha Ouni and Matthieu Authier and Mathieu Th{\'{e}}venet and J{\'{e}}r{\^{o}}me Fort},
	title = {Irreplaceable area extends marine conservation hotspot off Tunisia: insights from GPS-tracking Scopoliâ€™s shearwaters from the largest seabird colony in the Mediterranean},
	journal = {Marine Biology}
}