@article{ID84997637134,
	doi = {10.1017/s0954102016000560},
	url = {https://doi.org/10.1017%2Fs0954102016000560},
	year = 2016,
	month = {nov},
	publisher = {Cambridge University Press ({CUP})},
	volume = {29},
	number = {02},
	pages = {155-164},
	author = {Glenn T. Crossin and richard A. Phillips and Christine R. Lattin and L. Michael Romero and Xavier Bordeleau and Christopher M. Harris and Oliver P. Love and Tony D. Williams},
	title = {Costs of reproduction and carry-over effects in breeding albatrosses},
	journal = {Antarctic Science}
}