@article{ID84857031217,
	doi = {10.1002/aqc.1244},
	url = {https://doi.org/10.1002%2Faqc.1244},
	year = 2011,
	month = {dec},
	publisher = {Wiley-Blackwell},
	volume = {22},
	number = {1},
	pages = {113-121},
	author = {S. M. Andersen and J. Teilmann and R. Dietz and N. M. Schmidt and L. A. Miller},
	title = {Behavioural responses of harbour seals to human-induced disturbances},
	journal = {Aquatic Conservation: Marine and Freshwater Ecosystems}
}