@article{ID84953357098,
	doi = {10.1111/geb.12395},
	url = {https://doi.org/10.1111%2Fgeb.12395},
	year = 2015,
	month = {oct},
	publisher = {Wiley-Blackwell},
	volume = {25},
	number = {2},
	pages = {238-249},
	author = {Matthew V. Talluto and Isabelle Boulangeat and Aitor Ameztegui and Isabelle Aubin and Dominique Berteaux and Alyssa Butler and Fr{\'{e}}d{\'{e}}rik Doyon and C. Ronnie Drever and Marie-Jos{\'{e}}e Fortin and Tony Franceschini and Jean Li{\'{e}}nard and Dan McKenney and Kevin A. Solarik and Nikolay Strigul and Wilfried Thuiller and Dominique Gravel},
	title = {Cross-scale integration of knowledge for predicting species ranges: A metamodelling framework},
	journal = {Global Ecology and Biogeography}
}