@article{ID84858268421,
	doi = {10.2980/18-4-3393},
	url = {https://doi.org/10.2980%2F18-4-3393},
	year = 2011,
	month = {dec},
	publisher = {Informa {UK} Limited},
	volume = {18},
	number = {4},
	pages = {329-340},
	author = {Annie Belleau and Alain Leduc and Nicolas Lecomte and Yves Bergeron},
	title = {Forest succession rate and pathways on different surface deposit types in the boreal forest of northwestern Quebec},
	journal = {{\'{E}}coscience}
}