@article{ID84869193565,
	doi = {10.3354/meps09972},
	url = {https://doi.org/10.3354%2Fmeps09972},
	year = 2012,
	month = {nov},
	publisher = {Inter-Research Science Center},
	volume = {468},
	pages = {291-301},
	author = {PS Sabarros and JM Durant and D Gr{\'{e}}millet and RJM Crawford and NC Stenseth},
	title = {Differential responses of three sympatric seabirds to spatio-Temporal variability in shared resources},
	journal = {Marine Ecology Progress Series}
}