@article{ID84902602814,
	doi = {10.1371/journal.pone.0099624},
	url = {https://doi.org/10.1371%2Fjournal.pone.0099624},
	year = 2014,
	month = {jun},
	publisher = {Public Library of Science ({PLoS})},
	volume = {9},
	number = {6},
	pages = {e99624},
	author = {Ole Petter Laksforsmo Vindstad and Sabrina Schultze and Jane Uhd Jepsen and Martin Biuw and Lauri Kapari and Anne Sverdrup-Thygeson and Rolf Anker Ims},
	editor = {Judi Hewitt},
	title = {Numerical responses of saproxylic beetles to rapid increases in dead wood availability following geometrid moth outbreaks in sub-arctic mountain birch forest},
	journal = {{PLoS} {ONE}}
}