@article{ID84927970772,
	doi = {10.1002/jwmg.879},
	url = {https://doi.org/10.1002%2Fjwmg.879},
	year = 2015,
	month = {apr},
	publisher = {Wiley-Blackwell},
	volume = {79},
	number = {4},
	pages = {570-578},
	author = {Guillaume Souchay and Gilles Gauthier and Jos{\'{e}}e Lefebvre and Roger Pradel},
	title = {Absence of difference in survival between two distant breeding sites of greater snow geese},
	journal = {The Journal of Wildlife Management}
}