@article{ID84902683065,
	doi = {10.1098/rspb.2013.3254},
	url = {https://doi.org/10.1098%2Frspb.2013.3254},
	year = 2014,
	month = {jun},
	publisher = {The Royal Society},
	volume = {281},
	number = {1787},
	pages = {20133254-20133254},
	author = {C. Sandom and S. Faurby and B. Sandel and J.-C. Svenning},
	title = {Global late Quaternary megafauna extinctions linked to humans, not climate change},
	journal = {Proceedings of the Royal Society B: Biological Sciences}
}