@article{ID84863404262,
	doi = {10.2980/18-4-3413},
	url = {https://doi.org/10.2980%2F18-4-3413},
	year = 2011,
	month = {dec},
	publisher = {Informa {UK} Limited},
	volume = {18},
	number = {4},
	pages = {341-353},
	author = {G{\'{e}}raldine Mabille and Dominique Berteaux and Donald W. Thomas and Daniel Fortin},
	title = {Behavioural responses of wintering porcupines to their heterogeneous thermal environment},
	journal = {{\'{E}}coscience}
}