@article{ID84976260755,
	doi = {10.1007/s10336-016-1333-7},
	url = {https://doi.org/10.1007%2Fs10336-016-1333-7},
	year = 2016,
	month = {mar},
	publisher = {Springer Nature},
	volume = {157},
	number = {3},
	pages = {681-693},
	author = {Emily A. McKinnon and C. M. Macdonald and H. G. Gilchrist and O. P. Love},
	title = {Spring and fall migration phenology of an Arctic-breeding passerine},
	journal = {Journal of Ornithology}
}