@article{ID84871876798,
	doi = {10.1098/rstb.2012.0089},
	url = {https://doi.org/10.1098%2Frstb.2012.0089},
	year = 2012,
	month = {dec},
	publisher = {The Royal Society},
	volume = {368},
	number = {1610},
	pages = {20120089-20120089},
	author = {L.-M. Chevin and R. Gallet and R. Gomulkiewicz and R. D. Holt and S. Fellous},
	title = {Phenotypic plasticity in evolutionary rescue experiments},
	journal = {Philosophical Transactions of the Royal Society B: Biological Sciences}
}