@article{ID84880772524,
	doi = {10.1139/cjz-2013-0012},
	url = {https://doi.org/10.1139%2Fcjz-2013-0012},
	year = 2013,
	month = {aug},
	publisher = {Canadian Science Publishing},
	volume = {91},
	number = {8},
	pages = {562-572},
	author = {Charles J. Krebs and Knut Kielland and John Bryant and Mark O'Donoghue and Frank Doyle and Carol McIntyre and Donna DiFolco and Nathan Berg and Suzanne Carriere and Rudy Boonstra and Stan Boutin and Alice J. Kenney and Donald G. Reid and Karin Bodony and Judy Putera and Henry K. Timm and Toby Burke},
	title = {Synchrony in the snowshoe hare (Lepus americanus) cycle in northwestern North America, 1970-2012},
	journal = {Canadian Journal of Zoology}
}