@article{ID84899464608,
	doi = {10.1371/journal.pone.0094021},
	url = {https://doi.org/10.1371%2Fjournal.pone.0094021},
	year = 2014,
	month = {apr},
	publisher = {Public Library of Science ({PLoS})},
	volume = {9},
	number = {4},
	pages = {e94021},
	author = {Sandra Ravnsb{\ae}k Holm and Jens-Christian Svenning},
	editor = {Michael Hofreiter},
	title = {180,000 Years of climate change in Europe: Avifaunal responses and vegetation implications},
	journal = {{PLoS} {ONE}}
}