@article{ID84997545199,
	doi = {10.1038/nclimate3127},
	url = {https://doi.org/10.1038%2Fnclimate3127},
	year = 2016,
	month = {sep},
	publisher = {Springer Nature},
	volume = {6},
	number = {12},
	pages = {1104-1109},
	author = {Alejandro Ordonez and John W. Williams and Jens-Christian Svenning},
	title = {Mapping climatic mechanisms likely to favour the emergence of novel communities},
	journal = {Nature Climate Change}
}