@article{ID84971639705,
	doi = {10.1007/s00442-016-3588-3},
	url = {https://doi.org/10.1007%2Fs00442-016-3588-3},
	year = 2016,
	month = {feb},
	publisher = {Springer Nature},
	volume = {181},
	number = {2},
	pages = {423-433},
	author = {A. Robillard and J. F. Therrien and G. Gauthier and K. M. Clark and J. B{\^{e}}ty},
	title = {Pulsed resources at tundra breeding sites affect winter irruptions at temperate latitudes of a top predator, the snowy owl},
	journal = {Oecologia}
}