@article{ID84887172796,
	doi = {10.1111/ppa.12045},
	url = {https://doi.org/10.1111%2Fppa.12045},
	year = 2013,
	month = {mar},
	publisher = {Wiley-Blackwell},
	volume = {62},
	number = {6},
	pages = {1195-1204},
	author = {C. M. Cox and W. W. Bockus and R. D. Holt and L. Fang and K. A. Garrett},
	title = {Spatial connectedness of plant species: Potential links for apparent competition via plant diseases},
	journal = {Plant Pathology}
}