@article{ID84958749225,
	doi = {10.1007/s00227-015-2798-2},
	url = {https://doi.org/10.1007%2Fs00227-015-2798-2},
	year = 2016,
	month = {jan},
	publisher = {Springer Nature},
	volume = {163},
	number = {2},
	author = {David Gr{\'{e}}millet and Clara P{\'{e}}ron and Akiko Kato and Fran{\c{c}}oise Am{\'{e}}lineau and Yan Ropert-Coudert and Peter G. Ryan and Lorien Pichegru},
	title = {Starving seabirds: unprofitable foraging and its fitness consequences in Cape gannets competing with fisheries in the Benguela upwelling ecosystem},
	journal = {Marine Biology},
	pages = {1-11}
}