@article{ID84955459039,
	doi = {10.1371/journal.pone.0142781},
	url = {https://doi.org/10.1371%2Fjournal.pone.0142781},
	year = 2015,
	month = {nov},
	publisher = {Public Library of Science ({PLoS})},
	volume = {10},
	number = {11},
	pages = {e0142781},
	author = {Marie-Andr{\'{e}}e Giroux and {\'{E}}liane Valiquette and Jean-Pierre Tremblay and Steeve D. C{\^{o}}t{\'{e}}},
	editor = {Erik Sotka},
	title = {Isotopic differences between forage consumed by a large herbivore in open, closed, and coastal habitats: New evidence from a boreal study system},
	journal = {{PLOS} {ONE}}
}