@article{ID84865258848,
	doi = {10.2989/1814232x.2012.709960},
	url = {https://doi.org/10.2989%2F1814232x.2012.709960},
	year = 2012,
	month = {aug},
	publisher = {Informa {UK} Limited},
	volume = {34},
	number = {2},
	pages = {233-240},
	author = {MH Hamann and D Gr{\'{e}}millet and PG Ryan and F Bonadonna and CD van der Lingen and L Pichegru},
	title = {A hard-knock life: The foraging ecology of Cape cormorants amidst shifting prey resources and industrial fishing pressure},
	journal = {African Journal of Marine Science}
}