@article{ID84908569891,
	doi = {10.1642/auk-13-154.1},
	url = {https://doi.org/10.1642%2Fauk-13-154.1},
	year = 2014,
	month = {oct},
	publisher = {American Ornithologists{\textquotesingle} Union},
	volume = {131},
	number = {4},
	pages = {619-628},
	author = {Laura McKinnon and Dominique Berteaux and JoÃ«l B{\^{e}}ty},
	title = {Predator-mediated interactions between lemmings and shorebirds: A test of the alternative prey hypothesis},
	journal = {The Auk}
}