@article{ID84931748985,
	doi = {10.1111/j.1461-0248.2011.01724.x},
	url = {https://doi.org/10.1111%2Fj.1461-0248.2011.01724.x},
	year = 2012,
	month = {jan},
	publisher = {Wiley-Blackwell},
	volume = {15},
	number = {3},
	pages = {177-185},
	author = {Ayco J. M. Tack and Sofia Gripenberg and Tomas Roslin},
	title = {Cross-kingdom interactions matter: Fungal-mediated interactions structure an insect community on oak},
	journal = {Ecology Letters}
}