@article{ID84958958952,
	doi = {10.1016/j.vetmic.2016.01.025},
	url = {https://doi.org/10.1016%2Fj.vetmic.2016.01.025},
	year = 2016,
	month = {apr},
	publisher = {Elsevier {BV}},
	volume = {186},
	pages = {1-7},
	author = {Elodie Barbier and Benoit Chantemesse and Murielle Rochelet and L{\'{e}}on Fayolle and Lo√Øc Bollache and Maria Laura Boschiroli and Alain Hartmann},
	title = {Rapid dissemination of M. bovis from cattle dung to soil by the earthworm Lumbricus terrestris},
	journal = {Veterinary Microbiology}
}