@article{ID84867849844,
	doi = {10.1016/j.cub.2012.08.015},
	url = {https://doi.org/10.1016%2Fj.cub.2012.08.015},
	year = 2012,
	month = {oct},
	publisher = {Elsevier {BV}},
	volume = {22},
	number = {20},
	pages = {1925-1931},
	author = {Matthias Schleuning and Jochen Fründ and Alexandra-Maria Klein and Stefan Abrahamczyk and Ruben Alarc{\'{o}}n and Matthias Albrecht and Georg~K. S. Andersson and Simone Bazarian and Katrin Böhning-Gaese and Riccardo Bommarco and Bo Dalsgaard and D. ~Matthias Dehling and Ariella Gotlieb and Melanie Hagen and Thomas Hickler and Andrea Holzschuh and Christopher~N. Kaiser-Bunbury and Holger Kreft and Rebecca~J. Morris and Brody Sandel and William~J. Sutherland and Jens-Christian Svenning and Teja Tscharntke and Stella Watts and Christiane~N. Weiner and Michael Werner and Neal~M. Williams and Camilla Winqvist and Carsten~F. Dormann and Nico Blüthgen},
	title = {Specialization of mutualistic interaction networks decreases toward tropical latitudes},
	journal = {Current Biology}
}