@article{ID84883380072,
	doi = {10.1525/cond.2013.120153},
	url = {https://doi.org/10.1525%2Fcond.2013.120153},
	year = 2013,
	month = {aug},
	publisher = {Cooper Ornithological Society},
	volume = {115},
	number = {3},
	pages = {543-550},
	author = {J. R. Julien and G. Gauthier and R. I. G. Morrison and J. B{\^{e}}ty},
	title = {Survival rate of the long-tailed jaeger at alert, Ellesmere Island, Nunavut},
	journal = {The Condor}
}