@article{ID84986882175,
	doi = {10.1111/boj.12419},
	url = {https://doi.org/10.1111%2Fboj.12419},
	year = 2016,
	month = {apr},
	publisher = {Oxford University Press ({OUP})},
	volume = {182},
	number = {2},
	pages = {303-317},
	author = {Mar{\'{\i}}a J. San{\'{\i}}n and W. Daniel Kissling and Christine D. Bacon and Finn Borchsenius and Gloria Galeano and Jens-Christian Svenning and Jos{\'{e}} Olivera and Rina Ram{\'{\i}}rez and Philip Tr{\'{e}}nel and Jean-Christophe Pintaud},
	title = {The Neogene rise of the tropical Andes facilitated diversification of wax palms (Ceroxylon: Arecaceae) through geographical colonization and climatic niche separation},
	journal = {Botanical Journal of the Linnean Society}
}