@article{ID84856013423,
	doi = {10.1007/s00227-011-1815-3},
	url = {https://doi.org/10.1007%2Fs00227-011-1815-3},
	year = 2011,
	month = {oct},
	publisher = {Springer Nature},
	volume = {159},
	number = {2},
	pages = {373-387},
	author = {Timoth{\'{e}}e R. Cook and Maike Hamann and Lorien Pichegru and Francesco Bonadonna and David Gr{\'{e}}millet and Peter G. Ryan},
	title = {GPS and time-depth loggers reveal underwater foraging plasticity in a flying diver, the Cape Cormorant},
	journal = {Marine Biology}
}