@article{ID84943631716,
	doi = {10.1016/j.jag.2015.05.008},
	url = {https://doi.org/10.1016%2Fj.jag.2015.05.008},
	year = 2015,
	month = {oct},
	publisher = {Elsevier {BV}},
	volume = {42},
	pages = {106-114},
	author = {Anders Juel and Geoffrey Brian Groom and Jens-Christian Svenning and Rasmus Ejrn{\ae}s},
	title = {Spatial application of Random Forest models for fine-scale coastal vegetation classification using object based analysis of aerial orthophoto and DEM data},
	journal = {International Journal of Applied Earth Observation and Geoinformation}
}