@article{ID84928753540,
	doi = {10.1890/es14-00198.1},
	url = {https://doi.org/10.1890%2Fes14-00198.1},
	year = 2015,
	month = {apr},
	publisher = {Wiley-Blackwell},
	volume = {6},
	number = {4},
	pages = {art68},
	author = {Peter S{\o}gaard J{\o}rgensen and Frederic Barraquand and Vincent Bonhomme and Timothy J. Curran and Ellen Cieraad and Thomas G. Ezard and Laureano A. Gherardi and R. Andrew Hayes and Timoth{\'{e}}e Poisot and Roberto Salguero-G{\'{o}}mez and Luc{\'{\i}}a DeSoto and Brian Swartz and Jennifer M. Talbot and Brian Wee and Naupaka Zimmerman},
	title = {Connecting people and ideas from around the world: Global innovation platforms for next-generation ecology and beyond},
	journal = {Ecosphere}
}