@article{ID84873084849,
	doi = {10.1111/j.1365-2435.2012.02040.x},
	url = {https://doi.org/10.1111%2Fj.1365-2435.2012.02040.x},
	year = 2012,
	month = {aug},
	publisher = {Wiley-Blackwell},
	volume = {27},
	number = {1},
	pages = {81-92},
	author = {Oliver P. Love and Patrick O. McGowan and Michael J. Sheriff},
	editor = {Rudy Boonstra},
	title = {Maternal adversity and ecological stressors in natural populations: The role of stress axis programming in individuals, with implications for populations and communities},
	journal = {Functional Ecology}
}