@article{ID84875415307,
	doi = {10.4039/tce.2013.9},
	url = {https://doi.org/10.4039%2Ftce.2013.9},
	year = 2013,
	month = {feb},
	publisher = {Cambridge University Press ({CUP})},
	volume = {145},
	number = {02},
	pages = {193-218},
	author = {Gergely V{\'{a}}rkonyi and Tomas Roslin},
	title = {Freezing cold yet diverse: Dissecting a high-Arctic parasitoid community associated with Lepidoptera hosts},
	journal = {The Canadian Entomologist}
}