@article{ID84923556705,
	doi = {10.3354/aei00123},
	url = {https://doi.org/10.3354%2Faei00123},
	year = 2015,
	month = {feb},
	publisher = {Inter-Research Science Center},
	volume = {6},
	number = {2},
	pages = {175-183},
	author = {A Drouin and P Archambault and B Clynick and K Richer and CW McKindsey},
	title = {Influence of mussel aquaculture on the distribution of vagile benthic macrofauna in Ã®les de la Madeleine, eastern Canada},
	journal = {Aquaculture Environment Interactions}
}