@article{ID84978153995,
	doi = {10.1371/journal.pone.0152874},
	url = {https://doi.org/10.1371%2Fjournal.pone.0152874},
	year = 2016,
	month = {apr},
	publisher = {Public Library of Science ({PLoS})},
	volume = {11},
	number = {4},
	pages = {e0152874},
	author = {Jesper Bruun Mosbacher and Anders Michelsen and Mikkel Stelvig and Ditte Katrine Hendrichsen and Niels Martin Schmidt},
	editor = {Peter J. Hansen},
	title = {Show me your rump hair and i will tell you what you ate - The dietary history of muskoxen (ovibos moschatus) revealed by sequential stable isotope analysis of guard hairs},
	journal = {{PLOS} {ONE}}
}