@article{ID84892559678,
	doi = {10.1111/jbi.12202},
	url = {https://doi.org/10.1111%2Fjbi.12202},
	year = 2013,
	month = {sep},
	publisher = {Wiley-Blackwell},
	volume = {41},
	number = {2},
	pages = {274-286},
	author = {Pierre-Henri Fabre and Maria Moltensen and Jon Fjelds{\aa} and Martin Irestedt and Jean-Philippe Lessard and Knud A. J{\o}nsson},
	editor = {Mark Carine},
	title = {Multiple waves of colonization by monarch flycatchers (Myiagra, Monarchidae) across the Indo-Pacific and their implications for coexistence and speciation},
	journal = {Journal of Biogeography}
}