@article{ID84869478061,
	doi = {10.1080/14888386.2012.720818},
	url = {https://doi.org/10.1080%2F14888386.2012.720818},
	year = 2012,
	month = {sep},
	publisher = {Informa {UK} Limited},
	volume = {13},
	number = {3-4},
	pages = {157-173},
	author = {D. S. McLennan and T. Bell and D. Berteaux and W. Chen and L. Copland and R. Fraser and D. Gallant and G. Gauthier and D. Hik and C. J. Krebs and I. H. Myers-Smith and I. Olthof and D. Reid and W. Sladen and C. Tarnocai and W. F. Vincent and Y. Zhang},
	title = {Recent climate-related terrestrial biodiversity research in Canada's Arctic national parks: Review, summary, and management implications},
	journal = {Biodiversity}
}