@article{ID84882709676,
	doi = {10.1111/j.1600-0706.2013.00069.x},
	url = {https://doi.org/10.1111%2Fj.1600-0706.2013.00069.x},
	year = 2013,
	month = {feb},
	publisher = {Wiley-Blackwell},
	volume = {122},
	number = {9},
	pages = {1307-1316},
	author = {Jacob Nabe-Nielsen and Jakob Tougaard and Jonas Teilmann and Klaus Lucke and Mads C. Forchhammer},
	title = {How a simple adaptive foraging strategy can lead to emergent home ranges and increased food intake},
	journal = {Oikos}
}