@article{ID84925863058,
	doi = {10.1242/jeb.106344},
	url = {https://doi.org/10.1242%2Fjeb.106344},
	year = 2014,
	month = {oct},
	publisher = {The Company of Biologists},
	volume = {217},
	number = {20},
	pages = {3700-3707},
	author = {A.-S. Deville and S. Labaude and J.-P. Robin and A. Bechet and M. Gauthier-Clerc and W. Porter and M. Fitzpatrick and P. Mathewson and D. Gremillet},
	title = {Impacts of extreme climatic events on the energetics of long-lived vertebrates: The case of the greater flamingo facing cold spells in the camargue},
	journal = {Journal of Experimental Biology}
}