@incollection{ID84969706532,
	doi = {10.1142/9789812836281_0025},
	url = {https://doi.org/10.1142%2F9789812836281_0025},
	year = 2009,
	month = {sep},
	publisher = {{WORLD} {SCIENTIFIC}},
	pages = {361-363},
	author = {Nils Chr. Stenseth and Kung-Sik Chan and Howell Tong and Rudy Boonstra and Stan Boutin and Charles J. Krebs and Eric Post and Mark O{\textquotesingle}Donoghue and Nigel G. Yoccoz and Mads C. Forchhammer and James W. Hurrell},
	title = {Common dynamic structure of Canada lynx populations within three climatic regions},
	booktitle = {Exploration of a Nonlinear World},
	journal = {Exploration of a Nonlinear World: An Appreciation of Howell Tong's Contributions to Statistics}
}