@article{ID84963984703,
	doi = {10.7717/peerj.1769},
	url = {https://doi.org/10.7717%2Fpeerj.1769},
	year = 2016,
	month = {mar},
	publisher = {{PeerJ}},
	volume = {4},
	pages = {e1769},
	author = {Pierrick Blanchard and Christine Lauzeral and Simon Chamaill{\'{e}}-Jammes and Nigel G. Yoccoz and Dominique Pontier},
	title = {Analyzing the proximity to cover in a landscape of fear: A new approach applied to fine-scale habitat use by rabbits facing feral cat predation on Kerguelen archipelago},
	journal = {{PeerJ}},
	number = {3}
}