@article{ID84899742119,
	doi = {10.1371/journal.pone.0096143},
	url = {https://doi.org/10.1371%2Fjournal.pone.0096143},
	year = 2014,
	month = {apr},
	publisher = {Public Library of Science ({PLoS})},
	volume = {9},
	number = {4},
	pages = {e96143},
	author = {Patricia Glaz and Pascal Sirois and Philippe Archambault and Christian Nozais},
	editor = {Syuhei Ban},
	title = {Impact of forest harvesting on trophic structure of eastern Canadian Boreal Shield lakes: Insights from stable isotope analyses},
	journal = {{PLoS} {ONE}}
}