@article{ID84923629552,
	doi = {10.5751/es-07145-200123},
	url = {https://doi.org/10.5751%2Fes-07145-200123},
	year = 2015,
	publisher = {Resilience Alliance, Inc.},
	volume = {20},
	number = {1},
	author = {Bodil Elmhagen and Georgia Destouni and Anders Angerbjörn and Sara Borgström and Emily Boyd and Sara A. O. Cousins and Love Dal{\'{e}}n and Johan Ehrl{\'{e}}n and Matti Ermold and Peter A. Hambäck and Johanna Hedlund and Kristoffer Hylander and Fernando Jaramillo and Vendela K. Lagerholm and Steve W. Lyon and Helen Moor and Björn Nykvist and Marianne Pasanen-Mortensen and Jan Plue and Carmen Prieto and Ype van der Velde and Regina Lindborg},
	title = {Interacting effects of change in climate, human population, land use, and water use on biodiversity and ecosystem services},
	journal = {Ecology and Society}
}