@article{ID84963674139,
	doi = {10.1111/ele.12600},
	url = {https://doi.org/10.1111%2Fele.12600},
	year = 2016,
	month = {apr},
	publisher = {Wiley-Blackwell},
	volume = {19},
	number = {6},
	pages = {638-647},
	author = {Cornelia M. Tobner and Alain Paquette and Dominique Gravel and Peter B. Reich and Laura J. Williams and Christian Messier},
	editor = {Fangliang He},
	title = {Functional identity is the main driver of diversity effects in young tree communities},
	journal = {Ecology Letters}
}