@article{ID84981742391,
	doi = {10.1111/mec.13719},
	url = {https://doi.org/10.1111%2Fmec.13719},
	year = 2016,
	month = {jul},
	publisher = {Wiley-Blackwell},
	volume = {25},
	number = {16},
	pages = {4032-4046},
	author = {Nhu H. Nguyen and Laura J. Williams and John B. Vincent and Artur Stefanski and Jeannine Cavender-Bares and Christian Messier and Alain Paquette and Dominique Gravel and Peter B. Reich and Peter G. Kennedy},
	title = {Ectomycorrhizal fungal diversity and saprotrophic fungal diversity are linked to different tree community attributes in a field-based tree experiment},
	journal = {Molecular Ecology}
}