@article{ID84876100618,
	doi = {10.1890/12-0414.1},
	url = {https://doi.org/10.1890%2F12-0414.1},
	year = 2013,
	month = {jan},
	publisher = {Wiley-Blackwell},
	volume = {94},
	number = {1},
	pages = {169-179},
	author = {Eric Harvey and Annie S{\'{e}}guin and Christian Nozais and Philippe Archambault and Dominique Gravel},
	title = {Identity effects dominate the impacts of multiple species extinctions on the functioning of complex food webs},
	journal = {Ecology}
}