@inproceedings{ID84911425454,
	doi = {10.1109/igarss.2014.6946645},
	url = {https://doi.org/10.1109%2Figarss.2014.6946645},
	year = 2014,
	month = {jul},
	publisher = {{IEEE}},
	author = {Yannick Duguay and Monique Bernier and Esther Levesque and Benoit Tremblay},
	title = {Monitoring of subarctic shrub vegetation characteristics using TerraSAR-X and RADARSAT-2 data},
	booktitle = {2014 {IEEE} Geoscience and Remote Sensing Symposium},
	pages = {1194-1197},
	journal = {International Geoscience and Remote Sensing Symposium (IGARSS)}
}