@article{ID84887402896,
	doi = {10.1111/geb.12078},
	url = {https://doi.org/10.1111%2Fgeb.12078},
	year = 2013,
	month = {jun},
	publisher = {Wiley-Blackwell},
	volume = {22},
	number = {12},
	pages = {1293-1303},
	author = {Anne Eskildsen and Peter C. le Roux and Risto K. Heikkinen and Toke T. H{\o}ye and W. Daniel Kissling and Juha PÃ¶yry and Mary S. Wisz and Miska Luoto},
	title = {Testing species distribution models across space and time: High latitude butterflies and recent warming},
	journal = {Global Ecology and Biogeography}
}