@article{ID84958874109,
	doi = {10.1111/1365-2656.12444},
	url = {https://doi.org/10.1111%2F1365-2656.12444},
	year = 2016,
	month = {jan},
	publisher = {Wiley-Blackwell},
	volume = {85},
	number = {2},
	pages = {385-390},
	author = {Jane U. Jepsen and Ole Petter L. Vindstad and Fr{\'{e}}d{\'{e}}ric Barraquand and Rolf A. Ims and Nigel G. Yoccoz},
	editor = {Andrew White},
	title = {Continental-scale travelling waves in forest geometrids in Europe: An evaluation of the evidence},
	journal = {Journal of Animal Ecology}
}