@article{ID84928794630,
	doi = {10.1371/journal.pone.0123681},
	url = {https://doi.org/10.1371%2Fjournal.pone.0123681},
	year = 2015,
	month = {apr},
	publisher = {Public Library of Science ({PLoS})},
	volume = {10},
	number = {4},
	pages = {e0123681},
	author = {Thomas Pollet and Olivier Cloutier and Christian Nozais and Christopher W. McKindsey and Philippe Archambault},
	editor = {Judi Hewitt},
	title = {Metabolic activity and functional diversity changes in sediment prokaryotic communities organically enriched with mussel biodeposits},
	journal = {{PLOS} {ONE}}
}