@article{ID84943171183,
	doi = {10.3354/meps11424},
	url = {https://doi.org/10.3354%2Fmeps11424},
	year = 2015,
	month = {sep},
	publisher = {Inter-Research Science Center},
	volume = {536},
	pages = {175-186},
	author = {B Gaillard and T Meziane and R Tremblay and P Archambault and KKS Layton and AL Martel and F Olivier},
	title = {Dietary tracers in Bathyarca glacialis from contrasting trophic regions in the Canadian Arctic},
	journal = {Marine Ecology Progress Series}
}