@article{ID84899954738,
	doi = {10.1111/j.1600-0587.2013.00448.x},
	url = {https://doi.org/10.1111%2Fj.1600-0587.2013.00448.x},
	year = 2013,
	month = {nov},
	publisher = {Wiley-Blackwell},
	pages = {no-no},
	author = {Miguel G. Matias and Dominique Gravel and Fran{\c{c}}ois Guilhaumon and Philippe Desjardins-Proulx and Michel Loreau and Tamara Münkemüller and Nicolas Mouquet},
	title = {Estimates of species extinctions from species-area relationships strongly depend on ecological context},
	journal = {Ecography},
	volume = {37},
	number = {5}
}