@article{ID84876691860,
	doi = {10.1007/s10750-011-0996-6},
	url = {https://doi.org/10.1007%2Fs10750-011-0996-6},
	year = 2012,
	month = {jan},
	publisher = {Springer Nature},
	volume = {710},
	number = {1},
	pages = {173-187},
	author = {Korhan Ã–zkan and Erik Jeppesen and Martin S{\o}ndergaard and Torben L. Lauridsen and Lone Liboriussen and Jens-Christian Svenning},
	title = {Contrasting roles of water chemistry, lake morphology, land-use, climate and spatial processes in driving phytoplankton richness in the Danish landscape},
	journal = {Hydrobiologia}
}