@article{ID84882244005,
	doi = {10.1134/s106423071304014x},
	url = {https://doi.org/10.1134%2Fs106423071304014x},
	year = 2013,
	month = {jul},
	publisher = {Pleiades Publishing Ltd},
	volume = {52},
	number = {4},
	pages = {588-598},
	author = {A. A. Sokolov and A. P. Tizik and V. I. Tsurkov},
	title = {Iterative method for the transportation problem with additional supply and consumption points and quadratic cost},
	journal = {Journal of Computer and Systems Sciences International}
}