@article{ID84864361235,
	doi = {10.1007/s00300-012-1168-5},
	url = {https://doi.org/10.1007%2Fs00300-012-1168-5},
	year = 2012,
	month = {mar},
	publisher = {Springer Nature},
	volume = {35},
	number = {8},
	pages = {1221-1232},
	author = {Anthony J. Gaston and Mark L. Mallory and H. Grant Gilchrist},
	title = {Populations and trends of Canadian Arctic seabirds},
	journal = {Polar Biology}
}