@article{ID84955693608,
	doi = {10.1007/s00300-015-1775-z},
	url = {https://doi.org/10.1007%2Fs00300-015-1775-z},
	year = 2015,
	month = {aug},
	publisher = {Springer Nature},
	volume = {39},
	number = {2},
	pages = {221-236},
	author = {Glenn Yannic and Jonathan M. Yearsley and Roberto Sermier and Christophe Dufresnes and Olivier Gilg and Adrian Aebischer and Maria V. Gavrilo and Hallvard Str{\o}m and Mark L. Mallory and R. I. Guy Morrison and H. Grant Gilchrist and Thomas Broquet},
	title = {High connectivity in a long-lived high-Arctic seabird, the ivory gull Pagophila eburnea},
	journal = {Polar Biology}
}