@incollection{ID84872668853,
	doi = {10.1002/9781444342000.ch11},
	url = {https://doi.org/10.1002%2F9781444342000.ch11},
	year = 2011,
	month = {apr},
	publisher = {John Wiley {\&} Sons, Ltd},
	pages = {220-244},
	author = {Tomas Roslin and Heidi Viljanen},
	title = {Dung Beetle Populations: Structure and Consequences},
	booktitle = {Ecology and Evolution of Dung Beetles},
	journal = {Ecology and Evolution of Dung Beetles}
}