@article{ID84900859644,
	doi = {10.1007/s00300-014-1486-x},
	url = {https://doi.org/10.1007%2Fs00300-014-1486-x},
	year = 2014,
	month = {mar},
	publisher = {Springer Nature},
	volume = {37},
	number = {6},
	pages = {845-857},
	author = {Fr{\'{e}}d{\'{e}}ric Bilodeau and Gilles Gauthier and Dominique Fauteux and Dominique Berteaux},
	title = {Does lemming winter grazing impact vegetation in the Canadian Arctic?},
	journal = {Polar Biology}
}