@article{ID84890526788,
	doi = {10.1525/cond.2013.120081},
	url = {https://doi.org/10.1525%2Fcond.2013.120081},
	year = 2013,
	month = {nov},
	publisher = {Cooper Ornithological Society},
	volume = {115},
	number = {4},
	pages = {808-815},
	author = {Stephen Yezerinac and Richard B. Lanctot and George K. Sage and Sandra L. Talbot},
	title = {Social and genetic mating system of the american golden-Plover},
	journal = {The Condor}
}