@article{ID84981584004,
	doi = {10.1111/j.1751-8369.1983.tb00702.x},
	url = {https://doi.org/10.1111%2Fj.1751-8369.1983.tb00702.x},
	year = 1983,
	month = {nov},
	publisher = {Informa {UK} Limited},
	volume = {1},
	number = {2},
	pages = {185-198},
	author = {HANS MELTOFTE},
	title = {Arrival and pre‚Äênesting period of the snow bunting Plectrophenax nivalis in East Greenland},
	journal = {Polar Research}
}