@article{ID84873168958,
	doi = {10.1111/gcb.12099},
	url = {https://doi.org/10.1111%2Fgcb.12099},
	year = 2013,
	month = {jan},
	publisher = {Wiley-Blackwell},
	volume = {19},
	number = {3},
	pages = {697-710},
	author = {Katri Korpela and Maria Delgado and Heikki Henttonen and Erkki Korpimäki and Esa Koskela and Otso Ovaskainen and Hannu Pietiäinen and Janne Sundell and Nigel G Yoccoz and Otso Huitu},
	title = {Nonlinear effects of climate on boreal rodent dynamics: Mild winters do not negate high-amplitude cycles},
	journal = {Global Change Biology}
}