@article{ID84880511578,
	doi = {10.1111/jbi.12116},
	url = {https://doi.org/10.1111%2Fjbi.12116},
	year = 2013,
	month = {apr},
	publisher = {Wiley-Blackwell},
	volume = {40},
	number = {8},
	pages = {1560-1571},
	author = {Christine N. Meynard and S{\'{e}}bastien Lavergne and Isabelle Boulangeat and Luc Garraud and J{\'{e}}r{\'{e}}mie Van Es and Nicolas Mouquet and Wilfried Thuiller},
	editor = {Len N. Gillman},
	title = {Disentangling the drivers of metacommunity structure across spatial scales},
	journal = {Journal of Biogeography}
}