@article{ID84898461733,
	doi = {10.1111/brv.12070},
	url = {https://doi.org/10.1111%2Fbrv.12070},
	year = 2013,
	month = {nov},
	publisher = {Wiley-Blackwell},
	volume = {89},
	number = {2},
	pages = {493-510},
	author = {Karin Nor{\'{e}}n and Anders Angerbj√∂rn},
	title = {Genetic perspectives on northern population cycles: Bridging the gap between theory and empirical studies},
	journal = {Biological Reviews}
}