@article{ID84857778838,
	doi = {10.1139/b11-088},
	url = {https://doi.org/10.1139%2Fb11-088},
	year = 2012,
	month = {feb},
	publisher = {Canadian Science Publishing},
	volume = {90},
	number = {2},
	pages = {113-119},
	author = {C. J. Krebs and J. M. LaMontagne and A. J. Kenney and S. Boutin},
	title = {Climatic determinants of white spruce cone crops in the boreal forest of southwestern Yukon},
	journal = {Botany}
}