@article{ID84883759944,
	doi = {10.1371/journal.pone.0074077},
	url = {https://doi.org/10.1371%2Fjournal.pone.0074077},
	year = 2013,
	month = {sep},
	publisher = {Public Library of Science ({PLoS})},
	volume = {8},
	number = {9},
	pages = {e74077},
	author = {Heike Link and Dieter Piepenburg and Philippe Archambault},
	editor = {Senjie Lin},
	title = {Are Hotspots Always Hotspots? The Relationship between Diversity, Resource and Ecosystem Functions in the Arctic},
	journal = {{PLoS} {ONE}}
}