@article{ID84896315645,
	doi = {10.1007/s00442-013-2866-6},
	url = {https://doi.org/10.1007%2Fs00442-013-2866-6},
	year = 2014,
	month = {jan},
	publisher = {Springer Nature},
	volume = {174},
	number = {4},
	pages = {1241-1254},
	author = {P. Hellström and J. Nyström and A. Angerbjörn},
	title = {Functional responses of the rough-legged buzzard in a multi-prey system},
	journal = {Oecologia}
}