@article{ID84912125084,
	doi = {10.1139/cjz-2014-0159},
	url = {https://doi.org/10.1139%2Fcjz-2014-0159},
	year = 2014,
	month = {dec},
	publisher = {Canadian Science Publishing},
	volume = {92},
	number = {12},
	pages = {1039-1048},
	author = {Charles J. Krebs and John Bryant and Knut Kielland and Mark O'Donoghue and Frank Doyle and Suzanne Carriere and Donna DiFolco and Nathan Berg and Rudy Boonstra and Stan Boutin and Alice J. Kenney and Donald G. Reid and Karin Bodony and Judy Putera and Henry K. Timm and Toby Burke and Julie A. K. Maier and Howard Golden},
	title = {What factors determine cyclic amplitude in the snowshoe hare (Lepus americanus) cycle?},
	journal = {Canadian Journal of Zoology}
}