@article{ID84941025508,
	doi = {10.1111/een.12223},
	url = {https://doi.org/10.1111%2Feen.12223},
	year = 2015,
	month = {jun},
	publisher = {Wiley-Blackwell},
	volume = {40},
	number = {5},
	pages = {575-584},
	author = {ANNIINA KUUSIJÃ„RVI and BESS HARDWICK and MISKA LUOTO and TOMAS ROSLIN},
	title = {A stable, genetically determined colour dimorphism in the dung beetle Aphodius depressus: Patterns and mechanisms},
	journal = {Ecological Entomology}
}