@article{ID84948672082,
	doi = {10.1093/icesjms/fsv124},
	url = {https://doi.org/10.1093%2Ficesjms%2Ffsv124},
	year = 2015,
	month = {jul},
	publisher = {Oxford University Press ({OUP})},
	volume = {72},
	number = {8},
	pages = {2457-2466},
	author = {C. Moritz and D. Gravel and L. Savard and C. W. McKindsey and J.-C. Br{\^{e}}thes and P. Archambault},
	title = {No more detectable fishing effect on Northern Gulf of St Lawrence benthic invertebrates},
	journal = {{ICES} Journal of Marine Science: Journal du Conseil}
}