@article{ID84879902924,
	doi = {10.1098/rstb.2012.0479},
	url = {https://doi.org/10.1098%2Frstb.2012.0479},
	year = 2013,
	month = {jul},
	publisher = {The Royal Society},
	volume = {368},
	number = {1624},
	pages = {20120479-20120479},
	author = {S. Normand and C. Randin and R. Ohlemuller and C. Bay and T. T. Hoye and E. D. Kjaer and C. Korner and H. Lischke and L. Maiorano and J. Paulsen and P. B. Pearman and A. Psomas and U. A. Treier and N. E. Zimmermann and J.-C. Svenning},
	title = {A greener Greenland? Climatic potential and long-term constraints on future expansions of trees and shrubs},
	journal = {Philosophical Transactions of the Royal Society B: Biological Sciences}
}