@article{ID84879758627,
	doi = {10.1126/science.1236077},
	url = {https://doi.org/10.1126%2Fscience.1236077},
	year = 2013,
	month = {jun},
	publisher = {American Association for the Advancement of Science ({AAAS})},
	volume = {341},
	number = {6141},
	pages = {68-70},
	author = {E. D. Wakefield and T. W. Bodey and S. Bearhop and J. Blackburn and K. Colhoun and R. Davies and R. G. Dwyer and J. A. Green and D. Gremillet and A. L. Jackson and M. J. Jessopp and A. Kane and R. H. W. Langston and A. Lescroel and S. Murray and M. Le Nuz and S. C. Patrick and C. Peron and L. M. Soanes and S. Wanless and S. C. Votier and K. C. Hamer},
	title = {Space partitioning without territoriality in gannets},
	journal = {Science}
}