@article{ID84938091941,
	doi = {10.1017/s0266467414000182},
	url = {https://doi.org/10.1017%2Fs0266467414000182},
	year = 2014,
	month = {may},
	publisher = {Cambridge University Press ({CUP})},
	volume = {30},
	number = {04},
	pages = {347-357},
	author = {Erica Nol and Kate MacCulloch and Lisa Pollock and Laura McKinnon},
	title = {Foraging ecology and time budgets of non-breeding shorebirds in coastal Cuba},
	journal = {Journal of Tropical Ecology}
}