@article{ID84971458037,
	doi = {10.1016/j.biocon.2016.05.011},
	url = {https://doi.org/10.1016%2Fj.biocon.2016.05.011},
	year = 2016,
	month = {aug},
	publisher = {Elsevier {BV}},
	volume = {200},
	pages = {26-35},
	author = {Morten Frederiksen and S{\'{e}}bastien Descamps and Kjell Einar Erikstad and Anthony J. Gaston and H. Grant Gilchrist and David Gr{\'{e}}millet and Kasper L. Johansen and Yann Kolbeinsson and Jannie F. Linnebjerg and Mark L. Mallory and Laura A. McFarlane Tranquilla and Flemming R. Merkel and William A. Montevecchi and Anders Mosbech and Tone K. Reiertsen and Gregory J. Robertson and Harald Steen and Hallvard Str{\o}m and Thorkell L. Th{\'{o}}rarinsson},
	title = {Migration and wintering of a declining seabird, the thick-billed murre Uria lomvia, on an ocean basin scale: Conservation implications},
	journal = {Biological Conservation}
}