@article{ID84879137885,
	doi = {10.1007/s10530-012-0393-8},
	url = {https://doi.org/10.1007%2Fs10530-012-0393-8},
	year = 2013,
	month = {jan},
	publisher = {Springer Nature},
	volume = {15},
	number = {7},
	pages = {1573-1589},
	author = {O. P. L. Vindstad and T. Schott and S. B. Hagen and J. U. Jepsen and L. Kapari and R. A. Ims},
	title = {How rapidly do invasive birch forest geometrids recruit larval parasitoids? Insights from comparison with a sympatric native geometrid},
	journal = {Biological Invasions}
}