@article{ID84885592062,
	doi = {10.1098/rsbl.2013.0417},
	url = {https://doi.org/10.1098%2Frsbl.2013.0417},
	year = 2013,
	month = {aug},
	publisher = {The Royal Society},
	volume = {9},
	number = {5},
	pages = {20130417-20130417},
	author = {P. Legagneux and S. Ducatez},
	title = {European birds adjust their flight initiation distance to road speed limits.},
	journal = {Biology Letters}
}