@article{ID84921903242,
	doi = {10.3354/meps11058},
	url = {https://doi.org/10.3354%2Fmeps11058},
	year = 2015,
	month = {jan},
	publisher = {Inter-Research Science Center},
	volume = {519},
	pages = {239-249},
	author = {SP Vandenabeele and ELC Shepard and D Gr{\'{e}}millet and PJ Butler and GR Martin and RP Wilson},
	title = {Are bio-telemetric devices a drag? Effects of external tags on the diving behaviour of great cormorants},
	journal = {Marine Ecology Progress Series}
}