@article{ID84880741952,
	doi = {10.1126/science.1237541},
	url = {https://doi.org/10.1126%2Fscience.1237541},
	year = 2013,
	month = {jul},
	publisher = {American Association for the Advancement of Science ({AAAS})},
	volume = {341},
	number = {6144},
	pages = {343-343},
	author = {B. G. Holt and J.-P. Lessard and M. K. Borregaard and S. A. Fritz and M. B. Araujo and D. Dimitrov and P.-H. Fabre and C. H. Graham and G. R. Graves and K. A. Jonsson and D. Nogues-Bravo and Z. Wang and R. J. Whittaker and J. Fjeldsa and C. Rahbek},
	title = {Response to comment on "An update of Wallace's zoogeographic regions of the world"},
	journal = {Science}
}