@article{ID84902669036,
	doi = {10.1098/rspb.2013.3128},
	url = {https://doi.org/10.1098%2Frspb.2013.3128},
	year = 2014,
	month = {feb},
	publisher = {The Royal Society},
	volume = {281},
	number = {1779},
	pages = {20133128-20133128},
	author = {S. A. Iverson and H. G. Gilchrist and P. A. Smith and A. J. Gaston and M. R. Forbes},
	title = {Longer ice-free seasons increase the risk of nest depredation by polar bears for colonial breeding birds in the Canadian Arctic},
	journal = {Proceedings of the Royal Society B: Biological Sciences}
}