@article{ID84960498519,
	doi = {10.3356/rapt-50-01-103-108.1},
	url = {https://doi.org/10.3356%2Frapt-50-01-103-108.1},
	year = 2016,
	month = {mar},
	publisher = {The Raptor Research Foundation, Inc.},
	volume = {50},
	number = {1},
	pages = {103-108},
	author = {Aleksandr Sokolov and Vasiliy Sokolov and Andrew Dixon},
	title = {Return to the Wild: Migratory Peregrine Falcons Breeding in Arctic Eurasia Following Their Use in Arabic Falconry},
	journal = {Journal of Raptor Research}
}