@article{ID84941179915,
	doi = {10.1016/j.baae.2015.06.003},
	url = {https://doi.org/10.1016%2Fj.baae.2015.06.003},
	year = 2015,
	month = {nov},
	publisher = {Elsevier {BV}},
	volume = {16},
	number = {7},
	pages = {652-660},
	author = {Kristiina Visakorpi and Helena K. Wirta and Malin Ek and Niels Martin Schmidt and Tomas Roslin},
	title = {No detectable trophic cascade in a high-Arctic arthropod food web},
	journal = {Basic and Applied Ecology}
}