@article{ID84983544546,
	doi = {10.1093/conphys/cov057},
	url = {https://doi.org/10.1093%2Fconphys%2Fcov057},
	year = 2016,
	publisher = {Oxford University Press ({OUP})},
	volume = {4},
	number = {1},
	pages = {cov057},
	author = {Christine L. Madliger and Steven J. Cooke and Erica J. Crespi and Jennifer L. Funk and Kevin R. Hultine and Kathleen E. Hunt and Jason R. Rohr and Brent J. Sinclair and Cory D. Suski and Craig K. R. Willis and Oliver P. Love},
	title = {Success stories and emerging themes in conservation physiology},
	journal = {Conservation Physiology}
}