@article{ID84935072888,
	doi = {10.1111/ecog.00976},
	url = {https://doi.org/10.1111%2Fecog.00976},
	year = 2015,
	month = {jul},
	publisher = {Wiley-Blackwell},
	volume = {39},
	number = {4},
	pages = {384-390},
	author = {Timoth{\'{e}}e Poisot and Benjamin Baiser and Jennifer A. Dunne and Sonia K{\'{e}}fi and Fran{\c{c}}ois Massol and Nicolas Mouquet and Tamara N. Romanuk and Daniel B. Stouffer and Spencer A. Wood and Dominique Gravel},
	title = {Mangal - making ecological network analysis simple},
	journal = {Ecography}
}