@article{ID84941316035,
	doi = {10.1016/j.marpolbul.2015.06.043},
	url = {https://doi.org/10.1016%2Fj.marpolbul.2015.06.043},
	year = 2015,
	month = {sep},
	publisher = {Elsevier {BV}},
	volume = {98},
	number = {1-2},
	pages = {308-313},
	author = {Mark L. Mallory and Birgit M. Braune and Jennifer F. Provencher and D. Benjamin Callaghan and H. Grant Gilchrist and Samuel T. Edmonds and Karel Allard and Nelson J. O'Driscoll},
	title = {Mercury concentrations in feathers of marine birds in Arctic Canada},
	journal = {Marine Pollution Bulletin}
}