@article{ID84912534583,
	doi = {10.1111/ecog.00845},
	url = {https://doi.org/10.1111%2Fecog.00845},
	year = 2014,
	month = {sep},
	publisher = {Wiley-Blackwell},
	volume = {37},
	number = {12},
	pages = {1267-1281},
	author = {Cory Merow and Mathew J. Smith and Thomas C. Edwards and Antoine Guisan and Sean M. McMahon and Signe Normand and Wilfried Thuiller and Rafael O. WÃ¼est and Niklaus E. Zimmermann and Jane Elith},
	title = {What do we gain from simplicity versus complexity in species distribution models?},
	journal = {Ecography}
}