@article{ID84871875751,
	doi = {10.1098/rstb.2012.0086},
	url = {https://doi.org/10.1098%2Frstb.2012.0086},
	year = 2012,
	month = {dec},
	publisher = {The Royal Society},
	volume = {368},
	number = {1610},
	pages = {20120086-20120086},
	author = {S. Gandon and M. E. Hochberg and R. D. Holt and T. Day},
	title = {What limits the evolutionary emergence of pathogens?},
	journal = {Philosophical Transactions of the Royal Society B: Biological Sciences}
}