@article{ID84902839910,
	doi = {10.1242/jeb.095703},
	url = {https://doi.org/10.1242%2Fjeb.095703},
	year = 2013,
	month = {nov},
	publisher = {The Company of Biologists},
	volume = {217},
	number = {6},
	pages = {824-830},
	author = {M. Petit and F. Vezina},
	title = {Phenotype manipulations confirm the role of pectoral muscles and haematocrit in avian maximal thermogenic capacity},
	journal = {Journal of Experimental Biology}
}