@article{ID84929950727,
	doi = {10.1007/s00300-014-1637-0},
	url = {https://doi.org/10.1007%2Fs00300-014-1637-0},
	year = 2015,
	month = {jan},
	publisher = {Springer Nature},
	volume = {38},
	number = {6},
	pages = {755-762},
	author = {Kjetil {\AA}sbakk and Torill M{\o}rk and Eva Fuglei},
	title = {A serosurvey for Trichinella in Arctic foxes (Vulpes lagopus) in Svalbard},
	journal = {Polar Biology}
}