@article{ID84886827142,
	doi = {10.1016/j.ecoinf.2013.09.006},
	url = {https://doi.org/10.1016%2Fj.ecoinf.2013.09.006},
	year = 2013,
	month = {nov},
	publisher = {Elsevier {BV}},
	volume = {18},
	pages = {194-202},
	author = {Joel A. Granados and Philippe Bonnet and Lars H. Hansen and Niels M. Schmidt},
	title = {EcoIS: An image serialization library for plot-based plant flowering phenology},
	journal = {Ecological Informatics}
}