@article{ID84919847379,
	doi = {10.1002/etc.2782},
	url = {https://doi.org/10.1002%2Fetc.2782},
	year = 2014,
	month = {dec},
	publisher = {Wiley-Blackwell},
	volume = {34},
	number = {1},
	pages = {184-191},
	author = {Jan O. Bustnes and Georg Bangjord and Lutz Ahrens and Dorte Herzke and Nigel G. Yoccoz},
	title = {Perfluoroalkyl substance concentrations in a terrestrial raptor: Relationships to environmental conditions and individual traits},
	journal = {Environmental Toxicology and Chemistry}
}