@article{ID84886480218,
	doi = {10.1139/cjz-2013-0101},
	url = {https://doi.org/10.1139%2Fcjz-2013-0101},
	year = 2013,
	month = {nov},
	publisher = {Canadian Science Publishing},
	volume = {91},
	number = {11},
	pages = {802-809},
	author = {Yves Turcotte and Jean-Fran{\c{c}}ois Lamarre and JoÃ«l B{\^{e}}ty},
	title = {Staging ecology of Semipalmated Plover (Charadrius semipalmatus) and Semipalmated Sandpiper (Calidris pusilla) juveniles in the St. Lawrence River Estuary during fall migration},
	journal = {Canadian Journal of Zoology}
}