@article{ID84872489770,
	doi = {10.1016/j.marpolbul.2012.11.003},
	url = {https://doi.org/10.1016%2Fj.marpolbul.2012.11.003},
	year = 2013,
	month = {jan},
	publisher = {Elsevier {BV}},
	volume = {66},
	number = {1-2},
	pages = {92-104},
	author = {Pauline Robert and Christopher W. Mckindsey and Gw{\'{e}}naÃ«lle Chaillou and Philippe Archambault},
	title = {Dose-dependent response of a benthic system to biodeposition from suspended blue mussel (Mytilus edulis) culture},
	journal = {Marine Pollution Bulletin}
}