@article{ID84891940490,
	doi = {10.1098/rsbl.2013.0802},
	url = {https://doi.org/10.1098%2Frsbl.2013.0802},
	year = 2013,
	month = {oct},
	publisher = {The Royal Society},
	volume = {9},
	number = {6},
	pages = {20130802-20130802},
	author = {R. A. Ims and J.-A. Henden and A. V. Thingnes and S. T. Killengreen},
	title = {Indirect food web interactions mediated by predator-rodent dynamics: Relative roles of lemmings and voles},
	journal = {Biology Letters}
}