@article{ID84962229670,
	doi = {10.1016/j.jaridenv.2016.03.011},
	url = {https://doi.org/10.1016%2Fj.jaridenv.2016.03.011},
	year = 2016,
	month = {jul},
	publisher = {Elsevier {BV}},
	volume = {130},
	pages = {54-61},
	author = {Meredith Root-Bernstein and Jens-Christian Svenning},
	title = {Prospects for rewilding with camelids},
	journal = {Journal of Arid Environments}
}