@article{ID84893642918,
	doi = {10.1111/cobi.12185},
	url = {https://doi.org/10.1111%2Fcobi.12185},
	year = 2013,
	month = {nov},
	publisher = {Wiley-Blackwell},
	volume = {28},
	number = {1},
	pages = {283-287},
	author = {CHRISTINE L. MADLIGER and OLIVER P. LOVE},
	title = {The need for a predictive, context-dependent approach to the application of stress hormones in conservation},
	journal = {Conservation Biology}
}