@article{ID84878278382,
	doi = {10.1371/journal.pbio.1001563},
	url = {https://doi.org/10.1371%2Fjournal.pbio.1001563},
	year = 2013,
	month = {may},
	publisher = {Public Library of Science ({PLoS})},
	volume = {11},
	number = {5},
	pages = {e1001563},
	author = {Philippe Desjardins-Proulx and Ethan P. White and Joel J. Adamson and Karthik Ram and Timoth{\'{e}}e Poisot and Dominique Gravel},
	title = {The Case for Open Preprints in Biology},
	journal = {{PLoS} Biology}
}