@article{ID84928599496,
	doi = {10.1017/s0025315414001969},
	url = {https://doi.org/10.1017%2Fs0025315414001969},
	year = 2015,
	month = {feb},
	publisher = {Cambridge University Press ({CUP})},
	volume = {95},
	number = {03},
	pages = {431-433},
	author = {Mark J. Costello and Philippe Archambault and Suchana Chavanich and Patricia Miloslavich and David M. Paterson and Siew-Moi Phang and Isabel Sousa Pinto and Annelies Pierrot-Bults and Sun Song and Eulogio H. Soto and Nils Chr. Stenseth and Tina N. Molodtsova and Michael Thorndyke},
	title = {Organizing, supporting and linking the world marine biodiversity research community},
	journal = {Journal of the Marine Biological Association of the United Kingdom}
}