@article{ID84922310990,
	doi = {10.1016/j.chemosphere.2014.10.017},
	url = {https://doi.org/10.1016%2Fj.chemosphere.2014.10.017},
	year = 2015,
	month = {jan},
	publisher = {Elsevier {BV}},
	volume = {118},
	pages = {357-360},
	author = {Jan O. Bustnes and Georg Bangjord and Nigel G. Yoccoz},
	title = {Variation in concentrations of organochlorines and brominated flame retardants among eggs in abandoned clutches of a terrestrial raptor},
	journal = {Chemosphere},
	number = {1}
}