@article{ID84908232596,
	doi = {10.1111/jbi.12350},
	url = {https://doi.org/10.1111%2Fjbi.12350},
	year = 2014,
	month = {jun},
	publisher = {Wiley-Blackwell},
	volume = {41},
	number = {10},
	pages = {1967-1978},
	author = {No{\'{e}}mie Boulanger-Lapointe and Esther L{\'{e}}vesque and St{\'{e}}phane Boudreau and Gregory H. R. Henry and Niels Martin Schmidt},
	editor = {Miles Silman},
	title = {Population structure and dynamics of Arctic willow (Salix arctica) in the High Arctic},
	journal = {Journal of Biogeography}
}