@article{ID84890975803,
	doi = {10.1007/s00300-013-1416-3},
	url = {https://doi.org/10.1007%2Fs00300-013-1416-3},
	year = 2013,
	month = {oct},
	publisher = {Springer Nature},
	volume = {37},
	number = {1},
	pages = {111-122},
	author = {Bodil Elmhagen and P{\'{a}}ll Hersteinsson and Karin Nor{\'{e}}n and Ester R. Unnsteinsdottir and Anders Angerbj√∂rn},
	title = {From breeding pairs to fox towns: The social organisation of arctic fox populations with stable and fluctuating availability of food},
	journal = {Polar Biology}
}