@article{ID84876434796,
	doi = {10.1134/s1875372812040026},
	url = {https://doi.org/10.1134%2Fs1875372812040026},
	year = 2012,
	month = {oct},
	publisher = {Pleiades Publishing Ltd},
	volume = {33},
	number = {4},
	pages = {270-276},
	author = {A. A. Chibilev and A. A. Sokolov and O. S. Rudneva},
	title = {The fuel and energy complex of the Russia-Kazakhstan transboundary region: Present state and development prospects},
	journal = {Geography and Natural Resources}
}