@article{ID84858073352,
	doi = {10.1111/j.1466-8238.2011.00698.x},
	url = {https://doi.org/10.1111%2Fj.1466-8238.2011.00698.x},
	year = 2011,
	month = {jul},
	publisher = {Wiley-Blackwell},
	volume = {21},
	number = {4},
	pages = {481-497},
	author = {Olivier Broennimann and Matthew C. Fitzpatrick and Peter B. Pearman and Blaise Petitpierre and Lo√Øc Pellissier and Nigel G. Yoccoz and Wilfried Thuiller and Marie-Jos{\'{e}}e Fortin and Christophe Randin and Niklaus E. Zimmermann and Catherine H. Graham and Antoine Guisan},
	title = {Measuring ecological niche overlap from occurrence and spatial environmental data},
	journal = {Global Ecology and Biogeography}
}