@article{ID84892672131,
	doi = {10.1111/j.1600-0706.2013.00819.x},
	url = {https://doi.org/10.1111%2Fj.1600-0706.2013.00819.x},
	year = 2013,
	month = {oct},
	publisher = {Wiley-Blackwell},
	volume = {123},
	number = {2},
	pages = {151-160},
	author = {Sandra Hamel and Nigel Gilles Yoccoz and Jean-Michel Gaillard},
	title = {A standardized approach to estimate life history tradeoffs in evolutionary ecology},
	journal = {Oikos}
}