@article{ID84990934083,
	doi = {10.1139/cjz-2016-0016},
	url = {https://doi.org/10.1139%2Fcjz-2016-0016},
	year = 2016,
	month = {oct},
	publisher = {Canadian Science Publishing},
	volume = {94},
	number = {10},
	pages = {671-676},
	author = {Daniel Gallant and Lisa L{\'{e}}ger and {\'{E}}ric Tremblay and Dominique Berteaux and Nicolas Lecomte and Liette Vasseur},
	title = {Linking time budgets to habitat quality suggests that beavers (Castor canadensis) are energy maximizers},
	journal = {Canadian Journal of Zoology}
}