@article{ID84992160276,
	doi = {10.7717/peerj.2193},
	url = {https://doi.org/10.7717%2Fpeerj.2193},
	year = 2016,
	month = {aug},
	publisher = {{PeerJ}},
	volume = {4},
	pages = {e2193},
	author = {Marie-Andr{\'{e}}e Giroux and Myriam Trottier-Paquet and JoÃ«l B{\^{e}}ty and Vincent Lamarre and Nicolas Lecomte},
	title = {Is it safe to nest near conspicuous neighbours? Spatial patterns in predation risk associated with the density of American Golden-Plover nests},
	journal = {{PeerJ}},
	number = {10}
}