@article{ID84942921208,
	doi = {10.1139/cjz-2015-0100},
	url = {https://doi.org/10.1139%2Fcjz-2015-0100},
	year = 2015,
	month = {oct},
	publisher = {Canadian Science Publishing},
	volume = {93},
	number = {10},
	pages = {791-797},
	author = {Jeffery R. Werner and Charles J. Krebs and Scott A. Donker and Michael J. Sheriff},
	title = {Forest or meadow: The consequences of habitat for the condition of female arctic ground squirrels (Urocitellus parryii plesius)},
	journal = {Canadian Journal of Zoology}
}