@article{ID84877707127,
	doi = {10.1111/j.1600-048x.2012.05817.x},
	url = {https://doi.org/10.1111%2Fj.1600-048x.2012.05817.x},
	year = 2013,
	month = {apr},
	publisher = {Wiley-Blackwell},
	volume = {44},
	number = {3},
	pages = {209-215},
	author = {Sarah Guindre-Parker and H. Grant Gilchrist and Sarah Baldo and Oliver P. Love},
	title = {Alula size signals male condition and predicts reproductive performance in an Arctic-breeding passerine},
	journal = {Journal of Avian Biology}
}