@article{ID84913614569,
	doi = {10.1111/j.1600-0587.2013.00574.x},
	url = {https://doi.org/10.1111%2Fj.1600-0587.2013.00574.x},
	year = 2014,
	month = {jan},
	publisher = {Wiley-Blackwell},
	volume = {37},
	number = {12},
	pages = {1198-1209},
	author = {Jens-Christian Svenning and Dominique Gravel and Robert D. Holt and Frank M. Schurr and Wilfried Thuiller and Tamara Münkemüller and Katja H. Schiffers and Stefan Dullinger and Thomas C. Edwards and Thomas Hickler and Steven I. Higgins and Julia E. M. S. Nabel and Jörn Pagel and Signe Normand},
	title = {The influence of interspecific interactions on species range expansion rates},
	journal = {Ecography}
}