@incollection{ID84920753164,
	doi = {10.1093/acprof:oso/9780198567080.003.0002},
	url = {https://doi.org/10.1093%2Facprof%3Aoso%2F9780198567080.003.0002},
	year = 2006,
	month = {jan},
	publisher = {Oxford University Press},
	pages = {6-27},
	author = {Robert D. Holt and Andrew P. Dobson},
	title = {Extending the principles of community ecology to address the epidemiology of hostpathogen systems},
	booktitle = {Disease Ecology},
	journal = {Disease Ecology: Community Structure and Pathogen Dynamics}
}