@article{ID84930791210,
	doi = {10.1093/icesjms/fsu240},
	url = {https://doi.org/10.1093%2Ficesjms%2Ffsu240},
	year = 2015,
	month = {jan},
	publisher = {Oxford University Press ({OUP})},
	volume = {72},
	number = {5},
	pages = {1336-1348},
	author = {Kim {\'{E}}mond and Bernard Sainte-Marie and Peter S. Galbraith and JoÃ«l B{\^{e}}ty},
	title = {Top-down vs. bottom-up drivers of recruitment in a key marine invertebrate: Investigating early life stages of snow crab},
	journal = {{ICES} Journal of Marine Science}
}