@article{ID84879957165,
	doi = {10.1098/rstb.2012.0481},
	url = {https://doi.org/10.1098%2Frstb.2012.0481},
	year = 2013,
	month = {jul},
	publisher = {The Royal Society},
	volume = {368},
	number = {1624},
	pages = {20120481-20120481},
	author = {S. F. Oberbauer and S. C. Elmendorf and T. G. Troxler and R. D. Hollister and A. V. Rocha and M. S. Bret-Harte and M. A. Dawes and A. M. Fosaa and G. H. R. Henry and T. T. Hoye and F. C. Jarrad and I. S. Jonsdottir and K. Klanderud and J. A. Klein and U. Molau and C. Rixen and N. M. Schmidt and G. R. Shaver and R. T. Slider and O. Totland and C.-H. Wahren and J. M. Welker},
	title = {Phenological response of tundra plants to background climate variation tested using the International Tundra Experiment},
	journal = {Philosophical Transactions of the Royal Society B: Biological Sciences}
}