@article{ID84904260293,
	doi = {10.1007/s10021-014-9767-3},
	url = {https://doi.org/10.1007%2Fs10021-014-9767-3},
	year = 2014,
	month = {apr},
	publisher = {Springer Nature},
	volume = {17},
	number = {5},
	pages = {890-905},
	author = {Martin Biuw and Jane U. Jepsen and Juval Cohen and Saija H. Ahonen and Mysore Tejesvi and Sami Aikio and Piippa R. Wäli and Ole Petter L. Vindstad and Annamari Markkola and Pekka Niemelä and Rolf A. Ims},
	title = {Long-term Impacts of Contrasting Management of Large Ungulates in the Arctic Tundra-Forest Ecotone: Ecosystem Structure and Climate Feedback},
	journal = {Ecosystems}
}