@article{ID84898538736,
	doi = {10.1111/mec.12698},
	url = {https://doi.org/10.1111%2Fmec.12698},
	year = 2014,
	month = {mar},
	publisher = {Wiley-Blackwell},
	volume = {23},
	number = {8},
	pages = {2060-2071},
	author = {Vendela K. Lagerholm and Edson Sandoval-Castellanos and Dorothee Ehrich and Natalia I. Abramson and Adam Nadachowski and Daniela C. Kalthoff and Mietje Germonpr{\'{e}} and Anders Angerbj√∂rn and John R. Stewart and Love Dal{\'{e}}n},
	title = {On the origin of the Norwegian lemming},
	journal = {Molecular Ecology}
}