@article{ID84944186983,
	doi = {10.1111/eth.12424},
	url = {https://doi.org/10.1111%2Feth.12424},
	year = 2015,
	month = {oct},
	publisher = {Wiley-Blackwell},
	volume = {121},
	number = {11},
	pages = {1081-1090},
	author = {Sarah Baldo and Daniel J. Mennill and Sarah Guindre-Parker and Hugh Grant Gilchrist and Oliver P. Love},
	editor = {S. Foster},
	title = {The Oxidative Cost of Acoustic Signals: Examining Steroid Versus Aerobic Activity Hypotheses in a Wild Bird},
	journal = {Ethology}
}