@article{ID84976619868,
	doi = {10.1186/s40462-015-0028-7},
	url = {https://doi.org/10.1186%2Fs40462-015-0028-7},
	year = 2015,
	publisher = {Springer Nature},
	volume = {3},
	number = {1},
	pages = {1},
	author = {Jean-Fran{\c{c}}ois Therrien and David Pinaud and Gilles Gauthier and Nicolas Lecomte and Keith L Bildstein and JoÃ«l Bety},
	title = {Is pre-breeding prospecting behaviour affected by snow cover in the irruptive snowy owl? A test using state-space modelling and environmental data annotated via Movebank},
	journal = {Movement Ecology}
}