@article{ID84869216649,
	doi = {10.1371/journal.pone.0049719},
	url = {https://doi.org/10.1371%2Fjournal.pone.0049719},
	year = 2012,
	month = {nov},
	publisher = {Public Library of Science ({PLoS})},
	volume = {7},
	number = {11},
	pages = {e49719},
	author = {Marie-Andr{\'{e}}e Giroux and Christian Dussault and Nicolas Lecomte and Jean-Pierre Tremblay and Steeve D. C{\^{o}}t{\'{e}}},
	editor = {Kentaro Q. Sakamoto},
	title = {A New Way of Assessing Foraging Behaviour at the Individual Level Using Faeces Marking and Satellite Telemetry},
	journal = {{PLoS} {ONE}}
}