@article{ID84894351642,
	doi = {10.1007/s12080-013-0201-9},
	url = {https://doi.org/10.1007%2Fs12080-013-0201-9},
	year = 2013,
	month = {oct},
	publisher = {Springer Nature},
	volume = {7},
	number = {1},
	pages = {3-20},
	author = {Fr{\'{e}}d{\'{e}}ric Barraquand},
	title = {Functional responses and predator-prey models: A critique of ratio dependence},
	journal = {Theoretical Ecology}
}