@article{ID84867668768,
	doi = {10.1007/s10584-012-0476-7},
	url = {https://doi.org/10.1007%2Fs10584-012-0476-7},
	year = 2012,
	month = {may},
	publisher = {Springer Nature},
	volume = {115},
	number = {1},
	pages = {235-258},
	author = {S. H. Ferguson and D. Berteaux and A. J. Gaston and J. W. Higdon and N. Lecomte and N. Lunn and M. L. Mallory and J. Reist and D. Russell and N. G. Yoccoz and X. Zhu},
	title = {Time series data for Canadian arctic vertebrates: IPY contributions to science, management, and policy},
	journal = {Climatic Change}
}