@article{ID84992092823,
	doi = {10.7717/peerj.2303},
	url = {https://doi.org/10.7717%2Fpeerj.2303},
	year = 2016,
	month = {aug},
	publisher = {{PeerJ}},
	volume = {4},
	pages = {e2303},
	author = {Jeffery R. Werner and Elizabeth A. Gillis and Rudy Boonstra and Charles J. Krebs},
	title = {You can hide but you can't run: Apparent competition, predator responses and the decline of Arctic ground squirrels in boreal forests of the southwest Yukon},
	journal = {{PeerJ}},
	number = {8}
}