@article{ID84901406138,
	doi = {10.1139/er-2013-0017},
	url = {https://doi.org/10.1139%2Fer-2013-0017},
	year = 2014,
	month = {jun},
	publisher = {Canadian Science Publishing},
	volume = {22},
	number = {2},
	pages = {179-187},
	author = {Jon Pasher and Paul A. Smith and Mark R. Forbes and Jason Duffe},
	title = {Terrestrial ecosystem monitoring in Canada and the greater role for integrated earth observation},
	journal = {Environmental Reviews}
}