@article{ID84875847058,
	doi = {10.1016/j.rse.2013.02.028},
	url = {https://doi.org/10.1016%2Fj.rse.2013.02.028},
	year = 2013,
	month = {jul},
	publisher = {Elsevier {BV}},
	volume = {134},
	pages = {152-161},
	author = {Cici Alexander and Jesper Erenskjold Moeslund and Peder Klith B{\o}cher and Lars Arge and Jens-Christian Svenning},
	title = {Airborne laser scanner (LiDAR) proxies for understory light conditions},
	journal = {Remote Sensing of Environment}
}