@article{ID84872285022,
	doi = {10.1016/j.anbehav.2012.09.038},
	url = {https://doi.org/10.1016%2Fj.anbehav.2012.09.038},
	year = 2013,
	month = {jan},
	publisher = {Elsevier {BV}},
	volume = {85},
	number = {1},
	pages = {35-41},
	author = {Matthias Galipaud and Lo√Øc Bollache and Fran{\c{c}}ois-Xavier Dechaume-Moncharmont},
	title = {Assortative mating by size without a size-based preference: The female-sooner norm as a mate-guarding criterion},
	journal = {Animal Behaviour}
}