@article{ID84888035190,
	doi = {10.1016/j.ijppaw.2013.05.002},
	url = {https://doi.org/10.1016%2Fj.ijppaw.2013.05.002},
	year = 2013,
	month = {dec},
	publisher = {Elsevier {BV}},
	volume = {2},
	pages = {197-202},
	author = {Jillian Steele and Karin Orsel and Christine Cuyler and Eric P. Hoberg and Niels M. Schmidt and Susan J. Kutz},
	title = {Divergent parasite faunas in adjacent populations of west Greenland caribou: Natural and anthropogenic influences on diversity},
	journal = {International Journal for Parasitology: Parasites and Wildlife},
	number = {1}
}