@article{ID84949871147,
	doi = {10.1111/oik.02640},
	url = {https://doi.org/10.1111%2Foik.02640},
	year = 2015,
	month = {oct},
	publisher = {Wiley-Blackwell},
	volume = {125},
	number = {5},
	pages = {629-635},
	author = {Eleanor M. Slade and Tomas Roslin and Minna Santalahti and Thomas Bell},
	title = {Disentangling the 'brown world' faecal-detritus interaction web: Dung beetle effects on soil microbial properties},
	journal = {Oikos}
}