@article{ID84912570150,
	doi = {10.1111/ecog.00930},
	url = {https://doi.org/10.1111%2Fecog.00930},
	year = 2014,
	month = {sep},
	publisher = {Wiley-Blackwell},
	volume = {37},
	number = {12},
	pages = {1282-1287},
	author = {Michael P. Nobis and Signe Normand},
	title = {KISSMig - a simple model for R to account for limited migration in analyses of species distributions},
	journal = {Ecography}
}