@article{ID84859110034,
	doi = {10.1111/j.1365-2435.2011.01955.x},
	url = {https://doi.org/10.1111%2Fj.1365-2435.2011.01955.x},
	year = 2012,
	month = {feb},
	publisher = {Wiley-Blackwell},
	volume = {26},
	number = {2},
	pages = {500-512},
	author = {Fran{\c{c}}ois V{\'{e}}zina and Tony D. Williams and Theunis Piersma and R. I. Guy Morrison},
	title = {Phenotypic compromises in a long-distance migrant during the transition from migration to reproduction in the High Arctic},
	journal = {Functional Ecology}
}