@article{ID84891625808,
	doi = {10.1007/s10336-013-1001-0},
	url = {https://doi.org/10.1007%2Fs10336-013-1001-0},
	year = 2013,
	month = {sep},
	publisher = {Springer Nature},
	volume = {155},
	number = {1},
	pages = {195-209},
	author = {{\AA}shild {\O}. Pedersen and Marie-Anne Blanchet and Maria HÃ¶rnell-Willebrand and Jane U. Jepsen and Martin Biuw and Eva Fuglei},
	title = {Rock Ptarmigan (Lagopus muta) breeding habitat use in northern Sweden},
	journal = {Journal of Ornithology}
}