@article{ID84880270739,
	doi = {10.1002/etc.2241},
	url = {https://doi.org/10.1002%2Fetc.2241},
	year = 2013,
	month = {jun},
	publisher = {Wiley-Blackwell},
	volume = {32},
	number = {8},
	pages = {1784-1792},
	author = {Lisa B. Helgason and Hans Wolkers and Eva Fuglei and {\O}ystein Ahlstr{\o}m and Derek Muir and Even H. J{\o}rgensen},
	title = {Seasonal emaciation causes tissue redistribution and an increased potential for toxicity of lipophilic pollutants in farmed arctic fox (Vulpes lagopus)},
	journal = {Environmental Toxicology and Chemistry}
}