@article{ID84888883318,
	doi = {10.1016/j.foreco.2013.10.047},
	url = {https://doi.org/10.1016%2Fj.foreco.2013.10.047},
	year = 2014,
	month = {feb},
	publisher = {Elsevier {BV}},
	volume = {313},
	pages = {188-198},
	author = {Gang Feng and Jens-Christian Svenning and Xiangcheng Mi and Qi Jia and Mide Rao and Haibao Ren and Daniel P. Bebber and Keping Ma},
	title = {Anthropogenic disturbance shapes phylogenetic and functional tree community structure in a subtropical forest},
	journal = {Forest Ecology and Management}
}