@article{ID84968884357,
	doi = {10.1642/auk-15-196.1},
	url = {https://doi.org/10.1642%2Fauk-15-196.1},
	year = 2016,
	month = {jul},
	publisher = {American Ornithologists{\textquotesingle} Union},
	volume = {133},
	number = {3},
	pages = {364-377},
	author = {Jenny A. Cunningham and Dylan C. Kesler and Richard B. Lanctot},
	title = {Habitat and social factors influence nest-site selection in Arctic-breeding shorebirds},
	journal = {The Auk}
}