@article{ID84873176850,
	doi = {10.1111/1365-2664.12033},
	url = {https://doi.org/10.1111%2F1365-2664.12033},
	year = 2013,
	month = {jan},
	publisher = {Wiley-Blackwell},
	volume = {50},
	number = {1},
	pages = {59-67},
	author = {Anders Angerbjörn and Nina E. Eide and Love Dal{\'{e}}n and Bodil Elmhagen and Peter Hellström and Rolf A. Ims and Siw Killengreen and Arild Landa and Tomas Meijer and Matti Mela and Jukka Niemimaa and Karin Nor{\'{e}}n and Magnus Tannerfeldt and Nigel G. Yoccoz and Heikki Henttonen},
	editor = {Nathalie Pettorelli},
	title = {Carnivore conservation in practice: Replicated management actions on a large spatial scale},
	journal = {Journal of Applied Ecology}
}