@article{ID84991294868,
	doi = {10.7717/peerj.2517},
	url = {https://doi.org/10.7717%2Fpeerj.2517},
	year = 2016,
	month = {sep},
	publisher = {{PeerJ}},
	volume = {4},
	pages = {e2517},
	author = {Pedro M. Louren{\c{c}}o and Jos{\'{e}} A. Alves and Jeroen Reneerkens and AH Jelle Loonstra and Peter M. Potts and Jos{\'{e}} P. Granadeiro and Teresa Catry},
	title = {Influence of age and sex on winter site fidelity of sanderlings Calidris alba},
	journal = {{PeerJ}},
	number = {9}
}