@article{ID84860516140,
	doi = {10.1016/j.ecoenv.2012.02.012},
	url = {https://doi.org/10.1016%2Fj.ecoenv.2012.02.012},
	year = 2012,
	month = {jun},
	publisher = {Elsevier {BV}},
	volume = {80},
	pages = {76-83},
	author = {Christian Sonne and Jan O. Bustnes and Dorte Herzke and Veerle L. B. Jaspers and Adrian Covaci and Igor Eulaers and Duncan J. Halley and Truls Moum and Manuel Ballesteros and Marcel Eens and Rolf A. Ims and Sveinn A. Hanssen and Kjell E. Erikstad and Trond V. Johnsen and Frank F. Rig{\'{e}}t and Asger L. Jensen and Mads Kjelgaard-Hansen},
	title = {Blood plasma clinical-chemical parameters as biomarker endpoints for organohalogen contaminant exposure in Norwegian raptor nestlings},
	journal = {Ecotoxicology and Environmental Safety}
}