@article{ID84859860537,
	doi = {10.1111/j.1365-2699.2011.02654.x},
	url = {https://doi.org/10.1111%2Fj.1365-2699.2011.02654.x},
	year = 2011,
	month = {dec},
	publisher = {Wiley-Blackwell},
	volume = {39},
	number = {5},
	pages = {970-983},
	author = {Pedro Abell{\'{a}}n and Paula Arribas and Jens-Christian Svenning},
	title = {Geological habitat template overrides late Quaternary climate change as a determinant of range dynamics and phylogeography in some habitat-specialist water beetles},
	journal = {Journal of Biogeography}
}