@article{ID84956653582,
	doi = {10.1111/geb.12424},
	url = {https://doi.org/10.1111%2Fgeb.12424},
	year = 2016,
	month = {jan},
	publisher = {Wiley-Blackwell},
	volume = {25},
	number = {4},
	pages = {430-442},
	author = {Laerke Stewart and Inger G. Alsos and Christian Bay and Amy L. Breen and Christian Brochmann and No{\'{e}}mie Boulanger-Lapointe and Olivier Broennimann and Helga Bültmann and Peder Klith B{\o}cher and Christian Damgaard and Fred J. A. Daniëls and Dorothee Ehrich and Pernille Bronken Eidesen and Antoine Guisan and Ingibjörg Svala J{\'{o}}nsd{\'{o}}ttir and Jonathan Lenoir and Peter C. le Roux and Esther L{\'{e}}vesque and Miska Luoto and Jacob Nabe-Nielsen and Peter Schönswetter and Andreas Tribsch and Liv Unn Tveraabak and Risto Virtanen and Donald A. Walker and Kristine B. Westergaard and Nigel G. Yoccoz and Jens-Christian Svenning and Mary Wisz and Niels Martin Schmidt and Loïc Pellissier},
	title = {The regional species richness and genetic diversity of Arctic vegetation reflect both past glaciations and current climate},
	journal = {Global Ecology and Biogeography}
}