@article{ID84971526169,
	doi = {10.7717/peerj.1989},
	url = {https://doi.org/10.7717%2Fpeerj.1989},
	year = 2016,
	month = {may},
	publisher = {{PeerJ}},
	volume = {4},
	pages = {e1989},
	author = {Marie-Andr{\'{e}}e Giroux and Delphine Ditlecadet and Luc J. Martin and Richard B. Lanctot and Nicolas Lecomte},
	title = {Sexing a sex-role-reversed species based on plumage: Potential challenges in the red phalarope},
	journal = {{PeerJ}},
	number = {5}
}