@article{ID84876438680,
	doi = {10.1002/ece3.327},
	url = {https://doi.org/10.1002%2Fece3.327},
	year = 2012,
	month = {jul},
	publisher = {Wiley-Blackwell},
	volume = {2},
	number = {8},
	pages = {2027-2039},
	author = {Samuel M. Scheiner and Michael Barfield and Robert D. Holt},
	title = {The genetics of phenotypic plasticity. XI. Joint evolution of plasticity and dispersal rate},
	journal = {Ecology and Evolution}
}