@article{ID84905040221,
	doi = {10.1111/acv.12101},
	url = {https://doi.org/10.1111%2Facv.12101},
	year = 2014,
	month = {jan},
	publisher = {Wiley-Blackwell},
	volume = {17},
	number = {4},
	pages = {342-353},
	author = {C. Bouget and G. Parmain and O. Gilg and T. Noblecourt and B. Nusillard and Y. Paillet and C. Pernot and L. Larrieu and F. Gosselin},
	title = {Does a set-aside conservation strategy help the restoration of old-growth forest attributes and recolonization by saproxylic beetles?},
	journal = {Animal Conservation}
}