@article{ID84956664687,
	doi = {10.1111/ecog.02156},
	url = {https://doi.org/10.1111%2Fecog.02156},
	year = 2015,
	month = {oct},
	publisher = {Wiley-Blackwell},
	volume = {39},
	number = {2},
	pages = {99-108},
	author = {Felisa A. Smith and Christopher E. Doughty and Yadvinder Malhi and Jens-Christian Svenning and John Terborgh},
	title = {Megafauna in the Earth system},
	journal = {Ecography}
}