@article{ID84971246159,
	doi = {10.1016/j.csr.2016.05.002},
	url = {https://doi.org/10.1016%2Fj.csr.2016.05.002},
	year = 2016,
	month = {jun},
	publisher = {Elsevier {BV}},
	volume = {121},
	pages = {1-2},
	author = {{\'{A}}ngel Borja and Benjamin S. Halpern and Philippe Archambault},
	title = {Assessing marine ecosystems health, in an integrative way},
	journal = {Continental Shelf Research}
}