@article{ID84947968992,
	doi = {10.1111/ecog.01941},
	url = {https://doi.org/10.1111%2Fecog.01941},
	year = 2015,
	month = {nov},
	publisher = {Wiley-Blackwell},
	volume = {39},
	number = {4},
	pages = {402-408},
	author = {Timoth{\'{e}}e Poisot and Dominique Gravel and Shawn Leroux and Spencer A. Wood and Marie-Jos{\'{e}}e Fortin and Benjamin Baiser and Alyssa R. Cirtwill and Miguel B. Ara{\'{u}}jo and Daniel B. Stouffer},
	title = {Synthetic datasets and community tools for the rapid testing of ecological hypotheses},
	journal = {Ecography}
}