@article{ID84903974340,
	doi = {10.1371/journal.pone.0101556},
	url = {https://doi.org/10.1371%2Fjournal.pone.0101556},
	year = 2014,
	month = {jul},
	publisher = {Public Library of Science ({PLoS})},
	volume = {9},
	number = {7},
	pages = {e101556},
	author = {Jessica Nephin and S. Kim Juniper and Philippe Archambault},
	editor = {Kerrie Swadling},
	title = {Diversity, abundance and community structure of benthic macro- And megafauna on the beaufort shelf and slope},
	journal = {{PLoS} {ONE}}
}