@article{ID84902649808,
	doi = {10.1111/syen.12079},
	url = {https://doi.org/10.1111%2Fsyen.12079},
	year = 2014,
	month = {jun},
	publisher = {Wiley-Blackwell},
	volume = {39},
	number = {3},
	pages = {531-547},
	author = {ANDREIA MIRALDO and FRANK-THORSTEN KRELL and MIRJAMI SMAL{\'{E}}N and ROBERT B. ANGUS and TOMAS ROSLIN},
	title = {Making the cryptic visible resolving the species complex of Aphodius fimetarius (Linnaeus) and Aphodius pedellus (de Geer) (Coleoptera: Scarabaeidae) by three complementary methods},
	journal = {Systematic Entomology}
}