@article{ID84939806012,
	doi = {10.1038/nclimate2761},
	url = {https://doi.org/10.1038%2Fnclimate2761},
	year = 2015,
	month = {aug},
	publisher = {Springer Nature},
	volume = {5},
	number = {9},
	pages = {788-789},
	author = {Randi B. Ingvaldsen and Bjarte Bogstad and Andrey V. Dolgov and Kari E. Ellingsen and Harald Gj{\o}s{\ae}ter and Rolf Gradinger and Edda Johannesen and Torkild Tveraa and Nigel G. Yoccoz},
	title = {Sources of uncertainties in cod distribution models},
	journal = {Nature Climate Change}
}