@article{ID84900389102,
	doi = {10.1890/es13-00134.1},
	url = {https://doi.org/10.1890%2Fes13-00134.1},
	year = 2013,
	month = {jul},
	publisher = {Wiley-Blackwell},
	volume = {4},
	number = {7},
	pages = {art91},
	author = {Jesper E Moeslund and Lars Arge and Peder K B{\o}cher and Tommy Dalgaard and Mette V Odgaard and Bettina Nygaard and Jens-Christian Svenning},
	title = {Topographically controlled soil moisture is the primary driver of local vegetation patterns across a lowland region},
	journal = {Ecosphere}
}