@article{ID84908626476,
	doi = {10.1644/13-mamm-a-308},
	url = {https://doi.org/10.1644%2F13-mamm-a-308},
	year = 2014,
	month = {oct},
	publisher = {Oxford University Press ({OUP})},
	volume = {95},
	number = {5},
	pages = {992-1003},
	author = {G{\'{e}}raldine Mabille and Dominique Berteaux},
	title = {Hide or die: Use of cover decreases predation risk in juvenile North American porcupines},
	journal = {Journal of Mammalogy}
}