@article{ID84929953890,
	doi = {10.1007/s10342-015-0886-y},
	url = {https://doi.org/10.1007%2Fs10342-015-0886-y},
	year = 2015,
	month = {may},
	publisher = {Springer Nature},
	volume = {134},
	number = {4},
	pages = {725-736},
	author = {Ole Petter Laksforsmo Vindstad and Jane Uhd Jepsen and Rolf Anker Ims},
	title = {Resistance of a sub-arctic bird community to severe forest damage caused by geometrid moth outbreaks},
	journal = {European Journal of Forest Research}
}