@article{ID84903514312,
	doi = {10.1371/journal.pone.0100553},
	url = {https://doi.org/10.1371%2Fjournal.pone.0100553},
	year = 2014,
	month = {jun},
	publisher = {Public Library of Science ({PLoS})},
	volume = {9},
	number = {6},
	pages = {e100553},
	author = {Rasmus {\O}stergaard Pedersen and Brody Sandel and Jens-Christian Svenning},
	editor = {Danilo Russo},
	title = {Macroecological evidence for competitive regional-scale interactions between the two major clades of mammal carnivores (Feliformia and Caniformia)},
	journal = {{PLoS} {ONE}}
}