@article{ID84924785498,
	doi = {10.1016/j.foreco.2015.02.037},
	url = {https://doi.org/10.1016%2Fj.foreco.2015.02.037},
	year = 2015,
	month = {jun},
	publisher = {Elsevier {BV}},
	volume = {346},
	pages = {51-64},
	author = {Yoan Paillet and Coryse Pernot and Vincent Boulanger and Nicolas Debaive and Marc Fuhr and Olivier Gilg and Fr{\'{e}}d{\'{e}}ric Gosselin},
	title = {Quantifying the recovery of old-growth attributes in forest reserves: A first reference for France},
	journal = {Forest Ecology and Management}
}