@article{ID84913616465,
	doi = {10.1111/ecog.00768},
	url = {https://doi.org/10.1111%2Fecog.00768},
	year = 2014,
	month = {jun},
	publisher = {Wiley-Blackwell},
	volume = {37},
	number = {12},
	pages = {1218-1229},
	author = {Katja Schiffers and Frank M. Schurr and Justin M. J. Travis and Anne Duputi{\'{e}} and Vincent M. Eckhart and S{\'{e}}bastien Lavergne and Greg McInerny and Kara A. Moore and Peter B. Pearman and Wilfried Thuiller and Rafael O. WÃ¼est and Robert D. Holt},
	title = {Landscape structure and genetic architecture jointly impact rates of niche evolution},
	journal = {Ecography}
}