@article{ID84865281178,
	doi = {10.1111/j.1365-2745.2012.01994.x},
	url = {https://doi.org/10.1111%2Fj.1365-2745.2012.01994.x},
	year = 2012,
	month = {jun},
	publisher = {Wiley-Blackwell},
	volume = {100},
	number = {5},
	pages = {1093-1104},
	author = {Michelle Greve and Anne M. Lykke and Christopher W. Fagg and Jan Bogaert and Ib Friis and Rob Marchant and Andrew R. Marshall and JoÃ«l Ndayishimiye and Brody S. Sandel and Christopher Sandom and Marco Schmidt and Jonathan R. Timberlake and Jan J. Wieringa and Georg Zizka and Jens-Christian Svenning},
	title = {Continental-scale variability in browser diversity is a major driver of diversity patterns in acacias across Africa},
	journal = {Journal of Ecology}
}