@article{ID84952342450,
	doi = {10.1111/jbi.12663},
	url = {https://doi.org/10.1111%2Fjbi.12663},
	year = 2015,
	month = {dec},
	publisher = {Wiley-Blackwell},
	volume = {43},
	number = {4},
	pages = {716-726},
	author = {Bernhard Kirchheimer and Christoph C. F. Schinkel and Agnes S. Dellinger and Simone Klatt and Dietmar Moser and Manuela Winkler and Jonathan Lenoir and Marco Caccianiga and Antoine Guisan and Diego Nieto-Lugilde and Jens-Christian Svenning and Wilfried Thuiller and Pascal Vittoz and Wolfgang Willner and Niklaus E. Zimmermann and Elvira HÃ¶randl and Stefan Dullinger},
	title = {A matter of scale: Apparent niche differentiation of diploid and tetraploid plants may depend on extent and grain of analysis},
	journal = {Journal of Biogeography}
}