@article{ID84903794563,
	doi = {10.5751/ace-00649-090105},
	url = {https://doi.org/10.5751%2Face-00649-090105},
	year = 2014,
	publisher = {Resilience Alliance, Inc.},
	volume = {9},
	number = {1},
	author = {Craig S. Machtans and Kevin J. Kardynal and Paul A. Smith},
	title = {How well do regional or national breeding bird survey data predict songbird population trends at an intact boreal site?},
	journal = {Avian Conservation and Ecology}
}