@article{ID84877698695,
	doi = {10.1111/j.1600-048x.2012.00128.x},
	url = {https://doi.org/10.1111%2Fj.1600-048x.2012.00128.x},
	year = 2013,
	month = {feb},
	publisher = {Wiley-Blackwell},
	volume = {44},
	number = {3},
	pages = {255-262},
	author = {J{\'{e}}r{\^{o}}me Fort and Harald Steen and Hallvard Str{\o}m and Yann Tremblay and Eirik Gr{\o}nningsaeter and Emeline Pettex and Warren P. Porter and David Gr{\'{e}}millet},
	title = {Energetic consequences of contrasting winter migratory strategies in a sympatric Arctic seabird duet},
	journal = {Journal of Avian Biology}
}