@article{ID84962829064,
	doi = {10.1007/s12080-016-0299-7},
	url = {https://doi.org/10.1007%2Fs12080-016-0299-7},
	year = 2016,
	month = {apr},
	publisher = {Springer Nature},
	volume = {9},
	number = {4},
	pages = {417-429},
	author = {Isabelle Gounand and Sonia K{\'{e}}fi and Nicolas Mouquet and Dominique Gravel},
	title = {Trait selection during food web assembly: the roles of interactions and temperature},
	journal = {Theoretical Ecology}
}