@article{ID84973487333,
	doi = {10.1111/oik.03354},
	url = {https://doi.org/10.1111%2Foik.03354},
	year = 2016,
	month = {may},
	publisher = {Wiley-Blackwell},
	volume = {125},
	number = {12},
	pages = {1824-1837},
	author = {Christine L. Madliger and Oliver P. Love},
	title = {Do baseline glucocorticoids simultaneously represent fitness and environmental quality in a declining aerial insectivore?},
	journal = {Oikos}
}