@article{ID84876396089,
	doi = {10.1002/jwmg.529},
	url = {https://doi.org/10.1002%2Fjwmg.529},
	year = 2013,
	month = {mar},
	publisher = {Wiley-Blackwell},
	volume = {77},
	number = {4},
	pages = {777-790},
	author = {D. Lynne Dickson and Paul A. Smith},
	title = {Habitat used by common and king eiders in spring in the southeast Beaufort Sea and overlap with resource exploration},
	journal = {The Journal of Wildlife Management}
}