@article{ID84930203228,
	doi = {10.1007/s00300-015-1647-6},
	url = {https://doi.org/10.1007%2Fs00300-015-1647-6},
	year = 2015,
	month = {feb},
	publisher = {Springer Nature},
	volume = {38},
	number = {6},
	pages = {913-917},
	author = {Dominique Berteaux and Daniel Gallant and Benjamin N. Sacks and Mark J. Statham},
	title = {Red foxes (Vulpes vulpes) at their expanding front in the Canadian Arctic have indigenous maternal ancestry},
	journal = {Polar Biology}
}