@article{ID84865860317,
	doi = {10.1111/j.1365-2486.2012.02733.x},
	url = {https://doi.org/10.1111%2Fj.1365-2486.2012.02733.x},
	year = 2012,
	month = {jun},
	publisher = {Wiley-Blackwell},
	volume = {18},
	number = {10},
	pages = {3050-3062},
	author = {Anders Nielsen and Nigel G. Yoccoz and Geir Steinheim and Geir O. Storvik and Yngve Rekdal and Michael Angeloff and Nathalie Pettorelli and {\O}ystein Holand and Atle Mysterud},
	title = {Are responses of herbivores to environmental variability spatially consistent in alpine ecosystems?},
	journal = {Global Change Biology}
}