@article{ID84994520333,
	doi = {10.1098/rsbl.2016.0277},
	url = {https://doi.org/10.1098%2Frsbl.2016.0277},
	year = 2016,
	month = {nov},
	publisher = {The Royal Society},
	volume = {12},
	number = {11},
	pages = {20160277},
	author = {Olivier Gilg and Larysa Istomina and Georg Heygster and Hallvard Str{\o}m and Maria V. Gavrilo and Mark L. Mallory and Grant Gilchrist and Adrian Aebischer and Brigitte Sabard and Marcus Huntemann and Anders Mosbech and Glenn Yannic},
	title = {Living on the edge of a shrinking habitat: The ivory gull, Pagophila eburnea, an endangered sea-ice specialist},
	journal = {Biology Letters}
}