@article{ID84909954637,
	doi = {10.1111/1365-2656.12230},
	url = {https://doi.org/10.1111%2F1365-2656.12230},
	year = 2014,
	month = {jun},
	publisher = {Wiley-Blackwell},
	volume = {83},
	number = {6},
	pages = {1322-1333},
	author = {Louise van Oudenhove and Gilles Gauthier and Jean-Dominique Lebreton},
	editor = {Stuart Bearhop},
	title = {Year-round effects of climate on demographic parameters of an arctic-nesting goose species},
	journal = {Journal of Animal Ecology}
}