@article{ID84856253747,
	doi = {10.1098/rspb.2011.1351},
	url = {https://doi.org/10.1098%2Frspb.2011.1351},
	year = 2011,
	month = {aug},
	publisher = {The Royal Society},
	volume = {279},
	number = {1730},
	pages = {876-883},
	author = {P. Legagneux and P. L. F. Fast and G. Gauthier and J. Bety},
	title = {Manipulating individual state during migration provides evidence for carry-over effects modulated by environmental conditions},
	journal = {Proceedings of the Royal Society B: Biological Sciences}
}