@article{ID84875370595,
	doi = {10.1111/j.1600-0587.2012.07438.x},
	url = {https://doi.org/10.1111%2Fj.1600-0587.2012.07438.x},
	year = 2012,
	month = {jul},
	publisher = {Wiley-Blackwell},
	volume = {36},
	number = {3},
	pages = {393-402},
	author = {Francesco de Bello and Sandra Lavorel and S{\'{e}}bastien Lavergne and C{\'{e}}cile H. Albert and Isabelle Boulangeat and Florent Mazel and Wilfried Thuiller},
	title = {Hierarchical effects of environmental filters on the functional structure of plant communities: A case study in the French Alps},
	journal = {Ecography}
}