@article{ID84872605345,
	doi = {10.1111/j.1365-2656.2012.02019.x},
	url = {https://doi.org/10.1111%2Fj.1365-2656.2012.02019.x},
	year = 2012,
	month = {jul},
	publisher = {Wiley-Blackwell},
	volume = {82},
	number = {1},
	pages = {266-274},
	author = {Korhan Ã–zkan and Jens-Christian Svenning and Erik Jeppesen},
	editor = {Tom Webb},
	title = {Environmental species sorting dominates forest-bird community assembly across scales},
	journal = {Journal of Animal Ecology}
}