@article{ID84858590498,
	doi = {10.3732/ajb.1100363},
	url = {https://doi.org/10.3732%2Fajb.1100363},
	year = 2012,
	month = {feb},
	publisher = {Botanical Society of America},
	volume = {99},
	number = {3},
	pages = {459-471},
	author = {E. Muller and P. B. Eidesen and D. Ehrich and I. G. Alsos},
	title = {Frequency of local, regional, and long-distance dispersal of diploid and tetraploid Saxifraga oppositifolia (Saxifragaceae) to Arctic glacier forelands},
	journal = {American Journal of Botany}
}