@article{ID84943426620,
	doi = {10.1093/icb/icv001},
	url = {https://doi.org/10.1093%2Ficb%2Ficv001},
	year = 2015,
	month = {mar},
	publisher = {Oxford University Press ({OUP})},
	volume = {55},
	number = {4},
	pages = {545-553},
	author = {Christine L. Madliger and Oliver P. Love},
	title = {The power of physiology in changing landscapes: Considerations for the continued integration of conservation and physiology},
	journal = {Integrative and Comparative Biology}
}