@article{ID84857942999,
	doi = {10.1111/j.1095-8312.2011.01824.x},
	url = {https://doi.org/10.1111%2Fj.1095-8312.2011.01824.x},
	year = 2012,
	month = {feb},
	publisher = {Oxford University Press ({OUP})},
	volume = {105},
	number = {4},
	pages = {864-880},
	author = {GLENN YANNIC and LO√èC PELLISSIER and SYLVAIN DUBEY and RODRIGO VEGA and PATRICK BASSET and STEFANO MAZZOTTI and ELENA PECCHIOLI and CRISTIANO VERNESI and HEIDI C. HAUFFE and JEREMY B. SEARLE and JACQUES HAUSSER},
	title = {Multiple refugia and barriers explain the phylogeography of the Valais shrew, Sorex antinorii (Mammalia: Soricomorpha)},
	journal = {Biological Journal of the Linnean Society}
}