@article{ID84864378684,
	doi = {10.1007/s00300-012-1181-8},
	url = {https://doi.org/10.1007%2Fs00300-012-1181-8},
	year = 2012,
	month = {apr},
	publisher = {Springer Nature},
	volume = {35},
	number = {9},
	pages = {1421-1431},
	author = {Daniel Gallant and Brian G. Slough and Donald G. Reid and Dominique Berteaux},
	title = {Arctic fox versus red fox in the warming Arctic: Four decades of den surveys in north Yukon},
	journal = {Polar Biology}
}