@article{ID84890862290,
	doi = {10.1002/ece3.891},
	url = {https://doi.org/10.1002%2Fece3.891},
	year = 2013,
	month = {nov},
	publisher = {Wiley-Blackwell},
	volume = {3},
	number = {16},
	pages = {5157-5166},
	author = {Sveinn Are Hanssen and Jan Ove Bustnes and Lisbeth Schnug and Sophie Bourgeon and Trond Vidar Johnsen and Manuel Ballesteros and Christian Sonne and Dorte Herzke and Igor Eulaers and Veerle L. B. Jaspers and Adrian Covaci and Marcel Eens and Duncan J. Halley and Truls Moum and Rolf Anker Ims and Kjell Einar Erikstad},
	title = {Antiparasite treatments reduce humoral immunity and impact oxidative status in raptor nestlings},
	journal = {Ecology and Evolution}
}