@article{ID84985036841,
	doi = {10.1088/1748-9326/11/8/085005},
	url = {https://doi.org/10.1088%2F1748-9326%2F11%2F8%2F085005},
	year = 2016,
	month = {aug},
	publisher = {{IOP} Publishing},
	volume = {11},
	number = {8},
	pages = {085005},
	author = {M{\'{e}}lissa Paradis and Esther L{\'{e}}vesque and St{\'{e}}phane Boudreau},
	title = {Greater effect of increasing shrub height on winter versus summer soil temperature},
	journal = {Environmental Research Letters}
}