@article{ID84879170729,
	doi = {10.1007/s10336-012-0927-y},
	url = {https://doi.org/10.1007%2Fs10336-012-0927-y},
	year = 2013,
	month = {jan},
	publisher = {Springer Nature},
	volume = {154},
	number = {3},
	pages = {645-654},
	author = {Magda Chudzinska and Jesper Madsen and Jacob Nabe-Nielsen},
	title = {Diurnal variation in the behaviour of the Pink-footed Goose (Anser brachyrhynchus) during the spring stopover in Tr√∏ndelag, Norway},
	journal = {Journal of Ornithology}
}