@article{ID84931956031,
	doi = {10.1111/ddi.12340},
	url = {https://doi.org/10.1111%2Fddi.12340},
	year = 2015,
	month = {may},
	publisher = {Wiley-Blackwell},
	volume = {21},
	number = {7},
	pages = {792-802},
	author = {Anne Eskildsen and Lu{\'{\i}}sa G. Carvalheiro and W. Daniel Kissling and Jacobus C. Biesmeijer and Oliver Schweiger and Toke T. H{\o}ye},
	editor = {Ralph Mac Nally},
	title = {Ecological specialization matters: Long-term trends in butterfly species richness and assemblage composition depend on multiple functional traits},
	journal = {Diversity and Distributions}
}