@article{ID84891868587,
	doi = {10.1371/journal.pone.0081694},
	url = {https://doi.org/10.1371%2Fjournal.pone.0081694},
	year = 2013,
	month = {dec},
	publisher = {Public Library of Science ({PLoS})},
	volume = {8},
	number = {12},
	pages = {e81694},
	author = {Claus Rasmussen and Yoko L. Dupont and Jesper B. Mosbacher and Kristian Tr{\o}jelsgaard and Jens M. Olesen},
	editor = {Jeff Ollerton},
	title = {Strong impact of temporal resolution on the structure of an ecological network},
	journal = {{PLoS} {ONE}}
}