@article{ID84974686644,
	doi = {10.1111/ele.12617},
	url = {https://doi.org/10.1111%2Fele.12617},
	year = 2016,
	month = {jun},
	publisher = {Wiley-Blackwell},
	volume = {19},
	number = {7},
	pages = {729-742},
	author = {Ceres Barros and Wilfried Thuiller and Damien Georges and Isabelle Boulangeat and Tamara Münkemüller},
	editor = {David Bellwood},
	title = {N-dimensional hypervolumes to study stability of complex ecosystems},
	journal = {Ecology Letters}
}