@article{ID84884702783,
	doi = {10.1111/j.1600-0587.2012.00223.x},
	url = {https://doi.org/10.1111%2Fj.1600-0587.2012.00223.x},
	year = 2013,
	month = {mar},
	publisher = {Wiley-Blackwell},
	volume = {36},
	number = {10},
	pages = {1097-1105},
	author = {Daniel W. Carstensen and Bo Dalsgaard and Jens-Christian Svenning and Carsten Rahbek and Jon Fjelds{\aa} and William J. Sutherland and Jens M. Olesen},
	title = {The functional biogeography of species: Biogeographical species roles of birds in Wallacea and the West Indies},
	journal = {Ecography}
}