@article{ID84879599752,
	doi = {10.1016/j.cbpa.2013.05.024},
	url = {https://doi.org/10.1016%2Fj.cbpa.2013.05.024},
	year = 2013,
	month = {sep},
	publisher = {Elsevier {BV}},
	volume = {166},
	number = {1},
	pages = {169-176},
	author = {Darryl B. Edwards and Eunice H. Chin and Gary Burness and H. Grant Gilchrist and Albrecht I. Schulte-Hostedde},
	title = {Linking sex differences in corticosterone with individual reproductive behaviour and hatch success in two species of uniparental shorebirds},
	journal = {Comparative Biochemistry and Physiology Part A: Molecular {\&} Integrative Physiology}
}