@article{ID84860227653,
	doi = {10.1890/10-2359.1},
	url = {https://doi.org/10.1890%2F10-2359.1},
	year = 2012,
	month = {feb},
	publisher = {Wiley-Blackwell},
	volume = {93},
	number = {2},
	pages = {324-333},
	author = {C{\'{e}}sar Largaespada and Fr{\'{e}}d{\'{e}}ric Guichard and Philippe Archambault},
	title = {Meta-ecosystem engineering: Nutrient fluxes reveal intraspecific and interspecific feedbacks in fragmented mussel beds},
	journal = {Ecology}
}