@article{ID84964470880,
	doi = {10.1098/rstb.2015.0268},
	url = {https://doi.org/10.1098%2Frstb.2015.0268},
	year = 2016,
	month = {apr},
	publisher = {The Royal Society},
	volume = {371},
	number = {1694},
	pages = {20150268},
	author = {Dominique Gravel and Camille Albouy and Wilfried Thuiller},
	title = {The meaning of functional trait composition of food webs for ecosystem functioning},
	journal = {Philosophical Transactions of the Royal Society B: Biological Sciences}
}