@article{ID84936756695,
	doi = {10.14430/arctic4486},
	url = {https://doi.org/10.14430%2Farctic4486},
	year = 2015,
	month = {jun},
	publisher = {The Arctic Institute of North America},
	volume = {68},
	number = {2},
	pages = {180},
	author = {Virginie Roy and Katrin Iken and Philippe Archambault},
	title = {Regional variability of megabenthic community structure across the canadian arctic},
	journal = {{ARCTIC}}
}