@article{ID84555202706,
	doi = {10.1088/1748-9326/6/4/045509},
	url = {https://doi.org/10.1088%2F1748-9326%2F6%2F4%2F045509},
	year = 2011,
	month = {dec},
	publisher = {{IOP} Publishing},
	volume = {6},
	number = {4},
	pages = {045509},
	author = {Isla H Myers-Smith and Bruce C Forbes and Martin Wilmking and Martin Hallinger and Trevor Lantz and Daan Blok and Ken D Tape and Marc Macias-Fauria and Ute Sass-Klaassen and Esther L{\'{e}}vesque and St{\'{e}}phane Boudreau and Pascale Ropars and Luise Hermanutz and Andrew Trant and Laura Siegwart Collier and Stef Weijers and Jelte Rozema and Shelly A Rayback and Niels Martin Schmidt and Gabriela Schaepman-Strub and Sonja Wipf and Christian Rixen and C{\'{e}}cile B M{\'{e}}nard and Susanna Venn and Scott Goetz and Laia Andreu-Hayles and Sarah Elmendorf and Virve Ravolainen and Jeffrey Welker and Paul Grogan and Howard E Epstein and David S Hik},
	title = {Shrub expansion in tundra ecosystems: Dynamics, impacts and research priorities},
	journal = {Environmental Research Letters}
}