@article{ID84934968239,
	doi = {10.1016/j.ecolmodel.2015.05.035},
	url = {https://doi.org/10.1016%2Fj.ecolmodel.2015.05.035},
	year = 2015,
	month = {sep},
	publisher = {Elsevier {BV}},
	volume = {312},
	pages = {308-317},
	author = {Elena Moreno-Amat and Rub{\'{e}}n G. Mateo and Diego Nieto-Lugilde and Naia Morueta-Holme and Jens-Christian Svenning and Ignacio Garc{\'{\i}}a-Amorena},
	title = {Impact of model complexity on cross-temporal transferability in Maxent species distribution models: An assessment using paleobotanical data},
	journal = {Ecological Modelling}
}