@inproceedings{ID84911406322,
	doi = {10.1109/igarss.2014.6947534},
	url = {https://doi.org/10.1109%2Figarss.2014.6947534},
	year = 2014,
	month = {jul},
	publisher = {{IEEE}},
	author = {L. Provencher-Nolet and M. Bernier and E. Levesque},
	title = {Short term change detection in tundra vegetation near Umiujaq, subarctic Quebec, Canada},
	booktitle = {2014 {IEEE} Geoscience and Remote Sensing Symposium},
	pages = {4668-4670},
	journal = {International Geoscience and Remote Sensing Symposium (IGARSS)}
}