@article{ID84960377442,
	doi = {10.14430/arctic4544},
	url = {https://doi.org/10.14430%2Farctic4544},
	year = 2016,
	month = {mar},
	publisher = {The Arctic Institute of North America},
	volume = {69},
	number = {1},
	pages = {19},
	author = {Paul L. Flint and John A. Reed and Deborah L. Lacroix and Richard B. Lanctot},
	title = {Habitat use and foraging patterns of molting male long-tailed ducks in lagoons of the central beaufort sea, Alaska},
	journal = {{ARCTIC}}
}