@article{ID84865024697,
	doi = {10.1371/journal.pone.0038295},
	url = {https://doi.org/10.1371%2Fjournal.pone.0038295},
	year = 2012,
	month = {aug},
	publisher = {Public Library of Science ({PLoS})},
	volume = {7},
	number = {8},
	pages = {e38295},
	author = {Elsa Canard and Nicolas Mouquet and Lucile Marescot and Kevin J. Gaston and Dominique Gravel and David Mouillot},
	editor = {Timothy Ravasi},
	title = {Emergence of structural patterns in neutral trophic networks},
	journal = {{PLoS} {ONE}}
}