@article{ID84864008971,
	doi = {10.1371/journal.pone.0041194},
	url = {https://doi.org/10.1371%2Fjournal.pone.0041194},
	year = 2012,
	month = {jul},
	publisher = {Public Library of Science ({PLoS})},
	volume = {7},
	number = {7},
	pages = {e41194},
	author = {J{\'{e}}r{\^{o}}me Fort and Gr{\'{e}}gory Beaugrand and David Gr{\'{e}}millet and Richard A. Phillips},
	editor = {David Hyrenbach},
	title = {Biologging, remotely-sensed oceanography and the continuous plankton recorder reveal the environmental determinants of a seabird wintering hotspot},
	journal = {{PLoS} {ONE}}
}