@article{ID84960851501,
	doi = {10.1016/j.marpol.2016.02.015},
	url = {https://doi.org/10.1016%2Fj.marpol.2016.02.015},
	year = 2016,
	month = {jun},
	publisher = {Elsevier {BV}},
	volume = {68},
	pages = {212-220},
	author = {Am{\'{e}}lie Lescroël and Raphaël Mathevet and Clara P{\'{e}}ron and Matthieu Authier and Pascal Provost and Akinori Takahashi and David Gr{\'{e}}millet},
	title = {Seeing the ocean through the eyes of seabirds: A new path for marine conservation?},
	journal = {Marine Policy}
}