@article{ID84876255643,
	doi = {10.1038/496300a},
	url = {https://doi.org/10.1038%2F496300a},
	year = 2013,
	month = {apr},
	publisher = {Springer Nature},
	volume = {496},
	number = {7445},
	pages = {300-300},
	author = {Ra√ºl Ramos and David Gr{\'{e}}millet},
	title = {Marine ecosystems: Overfishing in west Africa by EU vessels},
	journal = {Nature}
}