@article{ID84940867553,
	doi = {10.1111/geb.12350},
	url = {https://doi.org/10.1111%2Fgeb.12350},
	year = 2015,
	month = {jul},
	publisher = {Wiley-Blackwell},
	volume = {24},
	number = {10},
	pages = {1136-1148},
	author = {Wolf L. Eiserhardt and Finn Borchsenius and Brody Sandel and W. Daniel Kissling and Jens-Christian Svenning},
	title = {Late Cenozoic climate and the phylogenetic structure of regional conifer floras world-wide},
	journal = {Global Ecology and Biogeography}
}