@article{ID84873546370,
	doi = {10.1111/j.2041-210x.2012.00262.x},
	url = {https://doi.org/10.1111%2Fj.2041-210x.2012.00262.x},
	year = 2012,
	month = {nov},
	publisher = {Wiley-Blackwell},
	volume = {4},
	number = {2},
	pages = {105-113},
	author = {Sandra Hamel and Siw T. Killengreen and John-Andre Henden and Nina E. Eide and Lars Roed-Eriksen and Rolf A. Ims and Nigel G. Yoccoz},
	editor = {Robert B. O{\textquotesingle}Hara},
	title = {Towards good practice guidance in using camera-traps in ecology: Influence of sampling design on validity of ecological inferences},
	journal = {Methods in Ecology and Evolution}
}