@article{ID84984669564,
	doi = {10.2981/wlb.00162},
	url = {https://doi.org/10.2981%2Fwlb.00162},
	year = 2016,
	month = {sep},
	publisher = {Wildlife Biology},
	volume = {22},
	number = {5},
	pages = {194-203},
	author = {Gitte H{\o}j Jensen and Jesper Madsen and Ingunn M. Tombre},
	title = {Hunting migratory geese: Is there an optimal practice?},
	journal = {Wildlife Biology}
}