@article{ID84954388051,
	doi = {10.1111/jbi.12628},
	url = {https://doi.org/10.1111%2Fjbi.12628},
	year = 2015,
	month = {oct},
	publisher = {Wiley-Blackwell},
	volume = {43},
	number = {2},
	pages = {289-300},
	author = {Mirkka M. Jones and Neil Gibson and Colin Yates and Simon Ferrier and Karel Mokany and Kristen J. Williams and Glenn Manion and Jens-Christian Svenning},
	title = {Underestimated effects of climate on plant species turnover in the Southwest Australian Floristic Region},
	journal = {Journal of Biogeography}
}