@article{ID84890807082,
	doi = {10.1111/j.1600-0706.2013.00706.x},
	url = {https://doi.org/10.1111%2Fj.1600-0706.2013.00706.x},
	year = 2013,
	month = {sep},
	publisher = {Wiley-Blackwell},
	volume = {123},
	number = {1},
	pages = {5-22},
	author = {Alexander Kubisch and Robert D. Holt and Hans-Joachim Poethke and Emanuel A. Fronhofer},
	title = {Where am I and why? Synthesizing range biology and the eco-evolutionary dynamics of dispersal},
	journal = {Oikos}
}