@article{ID84926636814,
	doi = {10.1007/s00265-014-1845-1},
	url = {https://doi.org/10.1007%2Fs00265-014-1845-1},
	year = 2014,
	month = {nov},
	publisher = {Springer Nature},
	volume = {69},
	number = {2},
	pages = {325-334},
	author = {Helen B. Anderson and Jesper Madsen and Sarah J. Woodin and Ren{\'{e}} van der Wal},
	title = {Where to settle in a rapidly expanding bird colony: A case study on colony expansion in High Arctic breeding geese},
	journal = {Behavioral Ecology and Sociobiology}
}