@article{ID84879967476,
	doi = {10.1098/rstb.2012.0489},
	url = {https://doi.org/10.1098%2Frstb.2012.0489},
	year = 2013,
	month = {jul},
	publisher = {The Royal Society},
	volume = {368},
	number = {1624},
	pages = {20120489-20120489},
	author = {A. M. Iler and T. T. Hoye and D. W. Inouye and N. M. Schmidt},
	title = {Nonlinear flowering responses to climate: Are species approaching their limits of phenological change?},
	journal = {Philosophical Transactions of the Royal Society B: Biological Sciences}
}