@article{ID84858729824,
	doi = {10.1007/s00360-011-0625-8},
	url = {https://doi.org/10.1007%2Fs00360-011-0625-8},
	year = 2011,
	month = {oct},
	publisher = {Springer Nature},
	volume = {182},
	number = {3},
	pages = {381-392},
	author = {Agn{\`{e}}s Lewden and Magali Petit and Fran{\c{c}}ois V{\'{e}}zina},
	title = {Dominant black-capped chickadees pay no maintenance energy costs for their wintering status and are not better at enduring cold than subordinate individuals},
	journal = {Journal of Comparative Physiology B}
}