@article{ID84913528862,
	doi = {10.1371/journal.pone.0113617},
	url = {https://doi.org/10.1371%2Fjournal.pone.0113617},
	year = 2014,
	month = {nov},
	publisher = {Public Library of Science ({PLoS})},
	volume = {9},
	number = {11},
	pages = {e113617},
	author = {Magali Petit and Fran{\c{c}}ois V{\'{e}}zina},
	editor = {Gregorio Moreno-Rueda},
	title = {Reaction norms in natural conditions: How does metabolic performance respond to weather variations in a small endotherm facing cold environments?},
	journal = {{PLoS} {ONE}}
}