@article{ID84879486790,
	doi = {10.1371/journal.pone.0067367},
	url = {https://doi.org/10.1371%2Fjournal.pone.0067367},
	year = 2013,
	month = {jun},
	publisher = {Public Library of Science ({PLoS})},
	volume = {8},
	number = {6},
	pages = {e67367},
	author = {Tomas Roslin and Helena Wirta and Tapani Hopkins and Bess Hardwick and Gergely V{\'{a}}rkonyi},
	editor = {Harald Auge},
	title = {Indirect Interactions in the High Arctic},
	journal = {{PLoS} {ONE}}
}