@article{ID84960915965,
	doi = {10.1890/15-354.1},
	url = {https://doi.org/10.1890%2F15-354.1},
	year = 2016,
	month = {feb},
	publisher = {Wiley-Blackwell},
	volume = {97},
	number = {2},
	pages = {536-542},
	author = {Taal Levi and Aimee L. Massey and Robert D. Holt and Felicia Keesing and Richard S. Ostfeld and Carlos A. Peres},
	title = {Does biodiversity protect humans against infectious disease? Comment},
	journal = {Ecology}
}