@article{ID84908569224,
	doi = {10.1016/j.jep.2014.10.009},
	url = {https://doi.org/10.1016%2Fj.jep.2014.10.009},
	year = 2014,
	month = {dec},
	publisher = {Elsevier {BV}},
	volume = {158},
	pages = {58-65},
	author = {Rodrigo C{\'{a}}mara-Leret and Narel Paniagua-Zambrana and Jens-Christian Svenning and Henrik Balslev and Manuel J. Mac{\'{\i}}a},
	title = {Geospatial patterns in traditional knowledge serve in assessing intellectual property rights and benefit-sharing in northwest South America},
	journal = {Journal of Ethnopharmacology},
	number = {PART A}
}