@article{ID84982893547,
	doi = {10.1111/jbi.12845},
	url = {https://doi.org/10.1111%2Fjbi.12845},
	year = 2016,
	month = {aug},
	publisher = {Wiley-Blackwell},
	volume = {44},
	number = {1},
	pages = {51-61},
	author = {Blas M. Benito and Jens-Christian Svenning and Trine Kellberg-Nielsen and Felix Riede and Graciela Gil-Romera and Thomas Mailund and Peter C. Kjaergaard and Brody S. Sandel},
	title = {The ecological niche and distribution of Neanderthals during the Last Interglacial},
	journal = {Journal of Biogeography}
}