@article{ID84961165273,
	doi = {10.1007/s00035-015-0162-2},
	url = {https://doi.org/10.1007%2Fs00035-015-0162-2},
	year = 2016,
	month = {jan},
	publisher = {Springer Nature},
	volume = {126},
	number = {1},
	pages = {59-71},
	author = {Abel Gizaw and Tigist Wondimu and Tusiime Felly Mugizi and Catherine Aloyce Masao and Ahmed Abdikadir Abdi and Magnus Popp and Dorothee Ehrich and Sileshi Nemomissa and Christian Brochmann},
	title = {Vicariance, dispersal, and hybridization in a naturally fragmented system: the afro-alpine endemics Carex monostachya and C. runssoroensis (Cyperaceae)},
	journal = {Alpine Botany}
}