@article{ID84907258874,
	doi = {10.1086/676937},
	url = {https://doi.org/10.1086%2F676937},
	year = 2014,
	month = {sep},
	publisher = {University of Chicago Press},
	volume = {87},
	number = {5},
	pages = {695-703},
	author = {Dominique N. Wagner and David J. Green and John M. Cooper and Oliver P. Love and Tony D. Williams},
	title = {Variation in plasma corticosterone in migratory songbirds: A test of the migration-modulation hypothesis},
	journal = {Physiological and Biochemical Zoology}
}