@article{ID84900393272,
	doi = {10.1890/es12-00292.1},
	url = {https://doi.org/10.1890%2Fes12-00292.1},
	year = 2013,
	month = {jan},
	publisher = {Wiley-Blackwell},
	volume = {4},
	number = {1},
	pages = {art16},
	author = {Sarah T. Saalfeld and Richard B. Lanctot and Stephen C. Brown and David T. Saalfeld and James A. Johnson and Brad A. Andres and Jonathan R. Bart},
	title = {Predicting breeding shorebird distributions on the arctic coastal plain of alaska},
	journal = {Ecosphere}
}