@article{ID84924709339,
	doi = {10.1016/j.anbehav.2015.02.008},
	url = {https://doi.org/10.1016%2Fj.anbehav.2015.02.008},
	year = 2015,
	month = {may},
	publisher = {Elsevier {BV}},
	volume = {103},
	pages = {83-90},
	author = {Simon Potier and Alexandre Carpentier and David Gr{\'{e}}millet and Boris Leroy and Am{\'{e}}lie LescroÃ«l},
	title = {Individual repeatability of foraging behaviour in a marine predator, the great cormorant, Phalacrocorax carbo},
	journal = {Animal Behaviour}
}