@article{ID84925462888,
	doi = {10.1007/s00300-014-1622-7},
	url = {https://doi.org/10.1007%2Fs00300-014-1622-7},
	year = 2014,
	month = {dec},
	publisher = {Springer Nature},
	volume = {38},
	number = {4},
	pages = {559-568},
	author = {Joseph J. Bowden and Rikke R. Hansen and Kent Olsen and Toke T. H{\o}ye},
	title = {Habitat-specific effects of climate change on a low-mobility Arctic spider species},
	journal = {Polar Biology}
}