@article{ID84871500928,
	doi = {10.1007/s10531-012-0416-x},
	url = {https://doi.org/10.1007%2Fs10531-012-0416-x},
	year = 2012,
	month = {dec},
	publisher = {Springer Nature},
	volume = {22},
	number = {1},
	pages = {225-238},
	author = {David Beaune and Fran{\c{c}}ois Bretagnolle and Lo√Øc Bollache and Gottfried Hohmann and Martin Surbeck and Barbara Fruth},
	title = {Seed dispersal strategies and the threat of defaunation in a Congo forest},
	journal = {Biodiversity and Conservation}
}