@article{ID84923882066,
	doi = {10.1642/auk-14-227.1},
	url = {https://doi.org/10.1642%2Fauk-14-227.1},
	year = 2015,
	month = {apr},
	publisher = {American Ornithologists{\textquotesingle} Union},
	volume = {132},
	number = {2},
	pages = {408-421},
	author = {Andrew C. Doll and Richard B. Lanctot and Craig A. Stricker and Stephen M. Yezerinac and Michael B. Wunder},
	title = {Improved arrival-date estimates of Arctic-breeding Dunlin (Calidris alpina arcticola)},
	journal = {The Auk}
}