@article{ID84994528714,
	doi = {10.3354/esr00747},
	url = {https://doi.org/10.3354%2Fesr00747},
	year = 2016,
	month = {sep},
	publisher = {Inter-Research Science Center},
	volume = {31},
	pages = {33-45},
	author = {NC Spencer and HG Gilchrist and H Str{\o}m and KA Allard and ML Mallory},
	title = {Key winter habitat of the ivory gull Pagophila eburnea in the Canadian Arctic},
	journal = {Endangered Species Research},
	number = {1}
}