@article{ID84881482887,
	doi = {10.3390/rs5073583},
	url = {https://doi.org/10.3390%2Frs5073583},
	year = 2013,
	month = {jul},
	publisher = {{MDPI} {AG}},
	volume = {5},
	number = {7},
	pages = {3583-3610},
	author = {Antoine Collin and Philippe Archambault and Serge Planes},
	title = {Bridging ridge-to-reef patches: Seamless classification of the coast using very high resolution satellite},
	journal = {Remote Sensing}
}