@article{ID84875995782,
	doi = {10.1093/beheco/ars215},
	url = {https://doi.org/10.1093%2Fbeheco%2Fars215},
	year = 2012,
	month = {dec},
	publisher = {Oxford University Press ({OUP})},
	volume = {24},
	number = {3},
	pages = {672-682},
	author = {Sarah Guindre-Parker and H. Grant Gilchrist and Sarah Baldo and Stephanie M. Doucet and Oliver P. Love},
	title = {Multiple achromatic plumage ornaments signal to multiple receivers},
	journal = {Behavioral Ecology}
}