@article{ID84855305013,
	doi = {10.1111/j.1600-048x.2011.05466.x},
	url = {https://doi.org/10.1111%2Fj.1600-048x.2011.05466.x},
	year = 2011,
	month = {nov},
	publisher = {Wiley-Blackwell},
	volume = {42},
	number = {6},
	pages = {544-551},
	author = {Alastair Franke and Jean-Fran{\c{c}}ois Therrien and S{\'{e}}bastien Descamps and JoÃ«l B{\^{e}}ty},
	title = {Climatic conditions during outward migration affect apparent survival of an arctic top predator, the peregrine falcon Falco peregrinus},
	journal = {Journal of Avian Biology}
}