@article{ID84925538642,
	doi = {10.1007/s00442-014-3145-x},
	url = {https://doi.org/10.1007%2Fs00442-014-3145-x},
	year = 2014,
	month = {nov},
	publisher = {Springer Nature},
	volume = {177},
	number = {1},
	pages = {235-243},
	author = {Holly L. Hennin and Pierre Legagneux and JoÃ«l B{\^{e}}ty and Tony D. Williams and H. Grant Gilchrist and Tyne M. Baker and Oliver P. Love},
	title = {Pre-breeding energetic management in a mixed-strategy breeder},
	journal = {Oecologia}
}