@article{ID84903756347,
	doi = {10.5751/ace-00628-090101},
	url = {https://doi.org/10.5751%2Face-00628-090101},
	year = 2014,
	publisher = {Resilience Alliance, Inc.},
	volume = {9},
	number = {1},
	author = {Guillaume Souchay and Olivier Gimenez and Gilles Gauthier and Roger Pradel},
	title = {Variations in band reporting rate and implications for kill rate in greater snow geese},
	journal = {Avian Conservation and Ecology}
}