@article{ID84857344948,
	doi = {10.1644/11-mamm-a-137.1},
	url = {https://doi.org/10.1644%2F11-mamm-a-137.1},
	year = 2012,
	month = {feb},
	publisher = {Oxford University Press ({OUP})},
	volume = {93},
	number = {1},
	pages = {87-92},
	author = {Charles J. Krebs and Fr{\'{e}}d{\'{e}}ric Bilodeau and Donald Reid and Gilles Gauthier and Alice J. Kenney and Scott Gilbert and David Duchesne and Deborah J. Wilson},
	title = {Are lemming winter nest counts a good index of population density?},
	journal = {Journal of Mammalogy}
}