@article{ID84928473978,
	doi = {10.1086/680552},
	url = {https://doi.org/10.1086%2F680552},
	year = 2015,
	month = {may},
	publisher = {University of Chicago Press},
	volume = {185},
	number = {5},
	pages = {594-609},
	author = {Samuel M. Scheiner and Richard Gomulkiewicz and Robert D. Holt},
	title = {The genetics of phenotypic plasticity. XIV. Coevolution},
	journal = {The American Naturalist}
}