@article{ID84978069309,
	doi = {10.1007/s11434-016-1132-9},
	url = {https://doi.org/10.1007%2Fs11434-016-1132-9},
	year = 2016,
	month = {aug},
	publisher = {Elsevier {BV}},
	volume = {61},
	number = {15},
	pages = {1163-1170},
	author = {Gang Feng and Xiangcheng Mi and Hui Yan and Frank Yonghong Li and Jens-Christian Svenning and Keping Ma},
	title = {CForBio: a network monitoring Chinese forest biodiversity},
	journal = {Science Bulletin}
}