@article{ID84903822766,
	doi = {10.7717/peerj.424},
	url = {https://doi.org/10.7717%2Fpeerj.424},
	year = 2014,
	month = {jun},
	publisher = {{PeerJ}},
	volume = {2},
	pages = {e424},
	author = {Lily R. Lewis and Emily Behling and Hannah Gousse and Emily Qian and Chris S. Elphick and Jean-Fran{\c{c}}ois Lamarre and JoÃ«l B{\^{e}}ty and Joe Liebezeit and Ricardo Rozzi and Bernard Goffinet},
	title = {First evidence of bryophyte diaspores in the plumage of transequatorial migrant birds},
	journal = {{PeerJ}},
	number = {1}
}