@article{ID84981485875,
	doi = {10.1016/j.gecco.2016.07.006},
	url = {https://doi.org/10.1016%2Fj.gecco.2016.07.006},
	year = 2016,
	month = {oct},
	publisher = {Elsevier {BV}},
	volume = {8},
	pages = {1-17},
	author = {Erika L. Rowland and Nancy Fresco and Donald Reid and Hilary A. Cooke},
	title = {Examining climate-biome (“cliome”) shifts for Yukon and its protected areas},
	journal = {Global Ecology and Conservation}
}