@article{ID84941142989,
	doi = {10.1016/j.jembe.2015.08.013},
	url = {https://doi.org/10.1016%2Fj.jembe.2015.08.013},
	year = 2015,
	month = {dec},
	publisher = {Elsevier {BV}},
	volume = {473},
	pages = {138-145},
	author = {Aurore Ponchon and Thierry Chambert and Elisa Lobato and Torkild Tveraa and David Gr{\'{e}}millet and Thierry Boulinier},
	title = {Breeding failure induces large scale prospecting movements in the black-legged kittiwake},
	journal = {Journal of Experimental Marine Biology and Ecology}
}