@article{ID84982203507,
	doi = {10.1111/geb.12504},
	url = {https://doi.org/10.1111%2Fgeb.12504},
	year = 2016,
	month = {aug},
	publisher = {Wiley-Blackwell},
	volume = {25},
	number = {12},
	pages = {1443-1453},
	author = {S{\o}ren Faurby and Jens-Christian Svenning},
	title = {The asymmetry in the Great American Biotic Interchange in mammals is consistent with differential susceptibility to mammalian predation},
	journal = {Global Ecology and Biogeography}
}