@article{ID84885361476,
	doi = {10.1016/j.yhbeh.2013.06.003},
	url = {https://doi.org/10.1016%2Fj.yhbeh.2013.06.003},
	year = 2013,
	month = {sep},
	publisher = {Elsevier {BV}},
	volume = {64},
	number = {4},
	pages = {737-747},
	author = {Anne-Mathilde Thierry and Sophie Brajon and Sylvie Massemin and Yves Handrich and Olivier Chastel and Thierry Raclot},
	title = {Decreased prolactin levels reduce parental commitment, egg temperatures, and breeding success of incubating male Ad√©lie penguins},
	journal = {Hormones and Behavior}
}