@article{ID84892528657,
	doi = {10.1111/j.1600-048x.2013.00190.x},
	url = {https://doi.org/10.1111%2Fj.1600-048x.2013.00190.x},
	year = 2013,
	month = {nov},
	publisher = {Wiley-Blackwell},
	volume = {45},
	number = {1},
	pages = {29-33},
	author = {Sarah Guindre-Parker and Oliver P. Love},
	title = {Revisiting the condition-dependence of melanin-based plumage},
	journal = {Journal of Avian Biology}
}