@article{ID84879985844,
	doi = {10.1098/rstb.2012.0482},
	url = {https://doi.org/10.1098%2Frstb.2012.0482},
	year = 2013,
	month = {jul},
	publisher = {The Royal Society},
	volume = {368},
	number = {1624},
	pages = {20120482-20120482},
	author = {G. Gauthier and J. Bety and M.-C. Cadieux and P. Legagneux and M. Doiron and C. Chevallier and S. Lai and A. Tarroux and D. Berteaux},
	title = {Long-term monitoring at multiple trophic levels suggests heterogeneity in responses to climate change in the Canadian Arctic tundra},
	journal = {Philosophical Transactions of the Royal Society B: Biological Sciences}
}