@article{ID84987941350,
	doi = {10.1016/j.marpol.2016.09.012},
	url = {https://doi.org/10.1016%2Fj.marpol.2016.09.012},
	year = 2016,
	month = {dec},
	publisher = {Elsevier {BV}},
	volume = {74},
	pages = {77-84},
	author = {R{\'{e}}mi M. Daigle and Wolfgang Haider and Sergio Fern{\'{a}}ndez-Lozada and Kimberly Irwin and Philippe Archambault and Isabelle M. C{\^{o}}t{\'{e}}},
	title = {From coast to coast: Public perception of ocean-derived benefits in Canada},
	journal = {Marine Policy}
}