@article{ID84880905463,
	doi = {10.1038/nclimate1909},
	url = {https://doi.org/10.1038%2Fnclimate1909},
	year = 2013,
	month = {jun},
	publisher = {Springer Nature},
	volume = {3},
	number = {8},
	pages = {759-763},
	author = {Toke T. H{\o}ye and Eric Post and Niels M. Schmidt and Kristian Tr{\o}jelsgaard and Mads C. Forchhammer},
	title = {Shorter flowering seasons and declining abundance of flower visitors in a warmer Arctic},
	journal = {Nature Climate Change}
}