@article{ID84986277773,
	doi = {10.1080/17550874.2016.1207722},
	url = {https://doi.org/10.1080%2F17550874.2016.1207722},
	year = 2016,
	month = {may},
	publisher = {Informa {UK} Limited},
	volume = {9},
	number = {3},
	pages = {253-262},
	author = {Andr{\'{e}} Rodrigo Rech and Bo Dalsgaard and Brody Sandel and Jesper Sonne and Jens-Christian Svenning and Naomi Holmes and Jeff Ollerton},
	title = {The macroecology of animal versus wind pollination: ecological factors are more important than historical climate stability},
	journal = {Plant Ecology {\&} Diversity}
}