@article{ID84975169778,
	doi = {10.1111/geb.12469},
	url = {https://doi.org/10.1111%2Fgeb.12469},
	year = 2016,
	month = {jun},
	publisher = {Wiley-Blackwell},
	volume = {25},
	number = {9},
	pages = {1097-1107},
	author = {Manuel J. Steinbauer and Richard Field and John-Arvid Grytnes and Panayiotis Trigas and Claudine Ah-Peng and Fabio Attorre and H. John B. Birks and Paulo A. V. Borges and Pedro Cardoso and Chang-Hung Chou and Michele De Sanctis and Miguel M. de Sequeira and Maria C. Duarte and Rui B. Elias and Jos{\'{e}} Mar{\'{\i}}a Fern{\'{a}}ndez-Palacios and Rosalina Gabriel and Roy E. Gereau and Rosemary G. Gillespie and Josef Greimler and David E. V. Harter and Tsurng-Juhn Huang and Severin D. H. Irl and Daniel Jeanmonod and Anke Jentsch and Alistair S. Jump and Christoph Kueffer and Sandra Nogu{\'{e}} and RÃ¼diger Otto and Jonathan Price and Maria M. Romeiras and Dominique Strasberg and Tod Stuessy and Jens-Christian Svenning and Ole R. Vetaas and Carl Beierkuhnlein},
	title = {Topography-driven isolation, speciation and a global increase of endemism with elevation},
	journal = {Global Ecology and Biogeography}
}