@misc{ID84929657390,
	doi = {10.1890/14-0338.1.sm},
	url = {https://doi.org/10.1890%2F14-0338.1.sm},
	publisher = {Wiley-Blackwell},
	title = {Phenological mismatch with abiotic conditions - Implications for flowering in Arctic plants},
	year = {2015},
	volume = {96},
	number = {3},
	pages = {775-787},
	journal = {Ecology}
}