@article{ID84860229264,
	doi = {10.1111/j.1442-9993.2011.02314.x},
	url = {https://doi.org/10.1111%2Fj.1442-9993.2011.02314.x},
	year = 2011,
	month = {oct},
	publisher = {Wiley-Blackwell},
	volume = {37},
	number = {3},
	pages = {285-294},
	author = {DAVID B. LINDENMAYER and PHILIP GIBBONS and MAX BOURKE and MARK BURGMAN and CHRIS R. DICKMAN and SIMON FERRIER and JAMES FITZSIMONS and DAVID FREUDENBERGER and STEPHEN T. GARNETT and CRAIG GROVES and RICHARD J. HOBBS and RICHARD T. KINGSFORD and CHARLES KREBS and SARAH LEGGE and ANDREW J. LOWE and ROB MCLEAN and JENSEN MONTAMBAULT and HUGH POSSINGHAM and JIM RADFORD and DOUG ROBINSON and LISA SMALLBONE and DAVID THOMAS and TONY VARCOE and MICHAEL VARDON and GLENDA WARDLE and JOHN WOINARSKI and ANDRE ZERGER},
	title = {Improving biodiversity monitoring},
	journal = {Austral Ecology}
}