@article{ID84959460117,
	doi = {10.1111/brv.12254},
	url = {https://doi.org/10.1111%2Fbrv.12254},
	year = 2016,
	month = {mar},
	publisher = {Wiley-Blackwell},
	volume = {92},
	number = {2},
	pages = {754-775},
	author = {Sandra Hamel and Nigel G. Yoccoz and Jean-Michel Gaillard},
	title = {Assessing variation in life-history tactics within a population using mixture regression models: A practical guide for evolutionary ecologists},
	journal = {Biological Reviews}
}