@article{ID84948953317,
	doi = {10.1146/annurev-ecolsys-112414-054314},
	url = {https://doi.org/10.1146%2Fannurev-ecolsys-112414-054314},
	year = 2015,
	month = {dec},
	publisher = {Annual Reviews},
	volume = {46},
	number = {1},
	pages = {551-572},
	author = {Jens-Christian Svenning and Wolf L. Eiserhardt and Signe Normand and Alejandro Ordonez and Brody Sandel},
	title = {The Influence of Paleoclimate on Present-Day Patterns in Biodiversity and Ecosystems},
	journal = {Annual Review of Ecology, Evolution, and Systematics}
}