@article{ID84878748303,
	doi = {10.1007/s00300-013-1328-2},
	url = {https://doi.org/10.1007%2Fs00300-013-1328-2},
	year = 2013,
	month = {may},
	publisher = {Springer Nature},
	volume = {36},
	number = {7},
	pages = {1069-1076},
	author = {Eeva M. Soininen and Lucie Zinger and Ludovic Gielly and Eva Bellemain and Kari Anne Br{\aa}then and Christian Brochmann and Laura S. Epp and Galina Gussarova and Kristian Hassel and John-Andr{\'{e}} Henden and Siw T. Killengreen and Teppo Rämä and Hans K. Sten{\o}ien and Nigel G. Yoccoz and Rolf A. Ims},
	title = {Shedding new light on the diet of Norwegian lemmings: DNA metabarcoding of stomach content},
	journal = {Polar Biology}
}