@article{ID84955447795,
	doi = {10.1073/pnas.1502549112},
	url = {https://doi.org/10.1073%2Fpnas.1502549112},
	year = 2015,
	month = {oct},
	publisher = {Proceedings of the National Academy of Sciences},
	volume = {113},
	number = {4},
	pages = {868-873},
	author = {Christopher E. Doughty and Joe Roman and S{\o}ren Faurby and Adam Wolf and Alifa Haque and Elisabeth S. Bakker and Yadvinder Malhi and John B. Dunning and Jens-Christian Svenning},
	title = {Global nutrient transport in a world of giants},
	journal = {Proceedings of the National Academy of Sciences}
}