@article{ID84861670005,
	doi = {10.1111/j.1469-185x.2011.00216.x},
	url = {https://doi.org/10.1111%2Fj.1469-185x.2011.00216.x},
	year = 2012,
	month = {jan},
	publisher = {Wiley-Blackwell},
	volume = {87},
	number = {3},
	pages = {661-685},
	author = {Teja Tscharntke and Jason M. Tylianakis and Tatyana A. Rand and Raphael K. Didham and Lenore Fahrig and P{\'{e}}ter Bat{\'{a}}ry and Janne Bengtsson and Yann Clough and Thomas O. Crist and Carsten F. Dormann and Robert M. Ewers and Jochen Fr√ºnd and Robert D. Holt and Andrea Holzschuh and Alexandra M. Klein and David Kleijn and Claire Kremen and Doug A. Landis and William Laurance and David Lindenmayer and Christoph Scherber and Navjot Sodhi and Ingolf Steffan-Dewenter and Carsten Thies and Wim H. van der Putten and Catrin Westphal},
	title = {Landscape moderation of biodiversity patterns and processes - eight hypotheses},
	journal = {Biological Reviews}
}