@article{ID84882424637,
	doi = {10.1644/12-mamm-a-260.1},
	url = {https://doi.org/10.1644%2F12-mamm-a-260.1},
	year = 2013,
	month = {aug},
	publisher = {Oxford University Press ({OUP})},
	volume = {94},
	number = {4},
	pages = {813-819},
	author = {Fr{\'{e}}d{\'{e}}ric Bilodeau and Gilles Gauthier and Dominique Berteaux},
	title = {Effect of snow cover on the vulnerability of lemmings to mammalian predators in the Canadian Arctic},
	journal = {Journal of Mammalogy}
}