@article{ID84871228088,
	doi = {10.1111/j.1095-8339.2012.01276.x},
	url = {https://doi.org/10.1111%2Fj.1095-8339.2012.01276.x},
	year = 2012,
	month = {dec},
	publisher = {Oxford University Press ({OUP})},
	volume = {171},
	number = {1},
	pages = {244-259},
	author = {Wolf L. Eiserhardt and Jens-Christian Svenning and Finn Borchsenius and Thea Kristiansen and Henrik Balslev},
	title = {Separating environmental and geographical determinants of phylogenetic community structure in Amazonian palms (Arecaceae)},
	journal = {Botanical Journal of the Linnean Society}
}