@article{ID84892974975,
	doi = {10.1007/s00442-014-2892-z},
	url = {https://doi.org/10.1007%2Fs00442-014-2892-z},
	year = 2014,
	month = {jan},
	publisher = {Springer Nature},
	volume = {175},
	number = {1},
	pages = {1-10},
	author = {Morten Odden and Rolf A. Ims and Ole Gunnar St{\o}en and Jon E. Swenson and Harry P. Andreassen},
	title = {Bears are simply voles writ large: Social structure determines the mechanisms of intrinsic population regulation in mammals},
	journal = {Oecologia}
}