@article{ID84882862414,
	doi = {10.1007/s00442-013-2614-y},
	url = {https://doi.org/10.1007%2Fs00442-013-2614-y},
	year = 2013,
	month = {feb},
	publisher = {Springer Nature},
	volume = {173},
	number = {1},
	pages = {161-167},
	author = {Petter Glorvigen and Gry Gundersen and Harry P. Andreassen and Rolf A. Ims},
	title = {The role of colonization in the dynamics of patchy populations of a cyclic vole species},
	journal = {Oecologia}
}