@article{ID84892681094,
	doi = {10.1111/ele.12235},
	url = {https://doi.org/10.1111%2Fele.12235},
	year = 2013,
	month = {dec},
	publisher = {Wiley-Blackwell},
	volume = {17},
	number = {3},
	pages = {340-349},
	author = {Rebecca J. Morris and Sofia Gripenberg and Owen T. Lewis and Tomas Roslin},
	editor = {Ferenc Jordan},
	title = {Antagonistic interaction networks are structured independently of latitude and host guild},
	journal = {Ecology Letters}
}