@article{ID84880132848,
	doi = {10.1111/gcb.12246},
	url = {https://doi.org/10.1111%2Fgcb.12246},
	year = 2013,
	month = {may},
	publisher = {Wiley-Blackwell},
	volume = {19},
	number = {8},
	pages = {2348-2359},
	author = {Amy M. Iler and David W. Inouye and Toke T. H{\o}ye and Abraham J. Miller-Rushing and Laura A. Burkle and Eleanor B. Johnston},
	title = {Maintenance of temporal synchrony between syrphid flies and floral resources despite differential phenological responses to climate},
	journal = {Global Change Biology}
}