@article{ID84963656303,
	doi = {10.1007/s10661-016-5270-y},
	url = {https://doi.org/10.1007%2Fs10661-016-5270-y},
	year = 2016,
	month = {apr},
	publisher = {Springer Nature},
	volume = {188},
	number = {5},
	author = {David T. Saalfeld and Angela C. Matz and Brian J. McCaffery and Oscar W. Johnson and Phil Bruner and Richard B. Lanctot},
	title = {Inorganic and organic contaminants in Alaskan shorebird eggs},
	journal = {Environmental Monitoring and Assessment}
}