@article{ID84969800087,
	doi = {10.1098/rspb.2016.0150},
	url = {https://doi.org/10.1098%2Frspb.2016.0150},
	year = 2016,
	month = {may},
	publisher = {The Royal Society},
	volume = {283},
	number = {1831},
	pages = {20160150},
	author = {Tobin J. Hammer and Noah Fierer and Bess Hardwick and Asko Simojoki and Eleanor Slade and Juhani Taponen and Heidi Viljanen and Tomas Roslin},
	title = {Treating cattle with antibiotics affects greenhouse gas emissions, and microbiota in dung and dung beetles},
	journal = {Proceedings of the Royal Society B: Biological Sciences}
}