@article{ID84939472873,
	doi = {10.1111/2041-210x.12367},
	url = {https://doi.org/10.1111%2F2041-210x.12367},
	year = 2015,
	month = {jun},
	publisher = {Wiley-Blackwell},
	volume = {6},
	number = {8},
	pages = {916-924},
	author = {Saija Lähteenmäki and Eleanor M. Slade and Bess Hardwick and Gustavo Schiffler and Julio Louzada and Jos Barlow and Tomas Roslin},
	editor = {Nicolas Lecomte},
	title = {MESOCLOSURES - increasing realism in mesocosm studies of ecosystem functioning},
	journal = {Methods in Ecology and Evolution}
}