@article{ID84945308855,
	doi = {10.1007/s12080-015-0281-9},
	url = {https://doi.org/10.1007%2Fs12080-015-0281-9},
	year = 2015,
	month = {oct},
	publisher = {Springer Nature},
	volume = {9},
	number = {1},
	pages = {39-48},
	author = {K{\'{e}}vin Cazelles and Miguel B. Ara{\'{u}}jo and Nicolas Mouquet and Dominique Gravel},
	title = {A theory for species co-occurrence in interaction networks},
	journal = {Theoretical Ecology}
}