@article{ID84912530408,
	doi = {10.1111/ecog.01490},
	url = {https://doi.org/10.1111%2Fecog.01490},
	year = 2014,
	month = {dec},
	publisher = {Wiley-Blackwell},
	volume = {37},
	number = {12},
	pages = {1149-1154},
	author = {S. Normand and N. E. Zimmermann and F. M. Schurr and H. Lischke},
	title = {Demography as the basis for understanding and predicting range dynamics},
	journal = {Ecography}
}