@article{ID84898688574,
	doi = {10.1016/j.landurbplan.2014.02.007},
	url = {https://doi.org/10.1016%2Fj.landurbplan.2014.02.007},
	year = 2014,
	month = {may},
	publisher = {Elsevier {BV}},
	volume = {125},
	pages = {89-104},
	author = {Katrine Grace Turner and Mette Vestergaard Odgaard and Peder K. B{\o}cher and Tommy Dalgaard and Jens-Christian Svenning},
	title = {Bundling ecosystem services in Denmark: Trade-offs and synergies in a cultural landscape},
	journal = {Landscape and Urban Planning}
}