@article{ID84983542781,
	doi = {10.1093/conphys/cot007},
	url = {https://doi.org/10.1093%2Fconphys%2Fcot007},
	year = 2013,
	month = {may},
	publisher = {Oxford University Press ({OUP})},
	volume = {1},
	number = {1},
	pages = {cot007-cot007},
	author = {A.-M. Thierry and Y. Ropert-Coudert and T. Raclot},
	title = {Elevated corticosterone levels decrease reproductive output of chick-rearing Ad√©lie penguins but do not affect chick mass at fledging},
	journal = {Conservation Physiology}
}