@article{ID84859261081,
	doi = {10.3354/meps09570},
	url = {https://doi.org/10.3354%2Fmeps09570},
	year = 2012,
	month = {mar},
	publisher = {Inter-Research Science Center},
	volume = {450},
	pages = {243-257},
	author = {S Lemieux Lefebvre and R Michaud and V Lesage and D Berteaux},
	title = {Identifying high residency areas of the threatened St. Lawrence beluga whale from fine-scale movements of individuals and coarse-scale movements of herds},
	journal = {Marine Ecology Progress Series}
}