@article{ID84996844969,
	doi = {10.1186/s40462-016-0091-8},
	url = {https://doi.org/10.1186%2Fs40462-016-0091-8},
	year = 2016,
	month = {nov},
	publisher = {Springer Nature},
	volume = {4},
	number = {1},
	author = {Benjamin Merkel and Richard A. Phillips and S{\'{e}}bastien Descamps and Nigel G. Yoccoz and B{\o}rge Moe and Hallvard Str{\o}m},
	title = {A probabilistic algorithm to process geolocation data},
	journal = {Movement Ecology}
}