@article{ID84961130153,
	doi = {10.1111/2041-210x.12468},
	url = {https://doi.org/10.1111%2F2041-210x.12468},
	year = 2015,
	month = {oct},
	publisher = {Wiley-Blackwell},
	volume = {7},
	number = {3},
	pages = {303-312},
	author = {Timoth{\'{e}}e Poisot and Alyssa R. Cirtwill and K{\'{e}}vin Cazelles and Dominique Gravel and Marie-Jos{\'{e}}e Fortin and Daniel B. Stouffer},
	editor = {Jana Vamosi},
	title = {The structure of probabilistic networks},
	journal = {Methods in Ecology and Evolution}
}