@article{ID84895898392,
	doi = {10.1016/j.jglr.2013.12.004},
	url = {https://doi.org/10.1016%2Fj.jglr.2013.12.004},
	year = 2014,
	month = {mar},
	publisher = {Elsevier {BV}},
	volume = {40},
	number = {1},
	pages = {164-171},
	author = {Jeffrey N. Zeyl and Oliver P. Love and Dennis M. Higgs},
	title = {Evaluating gonadosomatic index as an estimator of reproductive condition in the invasive round goby, Neogobius melanostomus},
	journal = {Journal of Great Lakes Research}
}