@article{ID84978766379,
	doi = {10.1111/gcb.13404},
	url = {https://doi.org/10.1111%2Fgcb.13404},
	year = 2016,
	month = {jul},
	publisher = {Wiley-Blackwell},
	volume = {23},
	number = {3},
	pages = {1085-1094},
	author = {Hannah S. Wauchope and Justine D. Shaw and {\O}ystein Varpe and Elena G. Lappo and David Boertmann and Richard B. Lanctot and Richard A. Fuller},
	title = {Rapid climate-driven loss of breeding habitat for Arctic migratory birds},
	journal = {Global Change Biology}
}