@article{ID84859268511,
	doi = {10.1007/s10336-010-0541-9},
	url = {https://doi.org/10.1007%2Fs10336-010-0541-9},
	year = 2010,
	month = {jun},
	publisher = {Springer Nature},
	volume = {152},
	number = {S2},
	pages = {457-467},
	author = {Gilles Gauthier and Emmanuel Milot and Henri Weimerskirch},
	title = {Estimating dispersal, recruitment and survival in a biennially breeding species, the Wandering Albatross},
	journal = {Journal of Ornithology}
}