@article{ID84859865890,
	doi = {10.1111/j.1365-2699.2011.02655.x},
	url = {https://doi.org/10.1111%2Fj.1365-2699.2011.02655.x},
	year = 2011,
	month = {dec},
	publisher = {Wiley-Blackwell},
	volume = {39},
	number = {5},
	pages = {825-841},
	author = {Bradford A. Hawkins and Christy M. McCain and T. Jonathan Davies and Lauren B. Buckley and Brian L. Anacker and Howard V. Cornell and Ellen I. Damschen and John-Arvid Grytnes and Susan Harrison and Robert D. Holt and Nathan J. B. Kraft and Patrick R. Stephens},
	title = {Different evolutionary histories underlie congruent species richness gradients of birds and mammals},
	journal = {Journal of Biogeography}
}