@article{ID84978719359,
	doi = {10.1038/nature18608},
	url = {https://doi.org/10.1038%2Fnature18608},
	year = 2016,
	month = {jun},
	publisher = {Springer Nature},
	volume = {535},
	number = {7611},
	pages = {241-245},
	author = {Stephen J. Thackeray and Peter A. Henrys and Deborah Hemming and James R. Bell and Marc S. Botham and Sarah Burthe and Pierre Helaouet and David G. Johns and Ian D. Jones and David I. Leech and Eleanor B. Mackay and Dario Massimino and Sian Atkinson and Philip J. Bacon and Tom M. Brereton and Laurence Carvalho and Tim H. Clutton-Brock and Callan Duck and Martin Edwards and J. Malcolm Elliott and Stephen J. G. Hall and Richard Harrington and James W. Pearce-Higgins and Toke T. H{\o}ye and Loeske E. B. Kruuk and Josephine M. Pemberton and Tim H. Sparks and Paul M. Thompson and Ian White and Ian J. Winfield and Sarah Wanless},
	title = {Phenological sensitivity to climate across taxa and trophic levels},
	journal = {Nature}
}