@article{ID84861356164,
	doi = {10.3354/esr00419},
	url = {https://doi.org/10.3354%2Fesr00419},
	year = 2012,
	month = {may},
	publisher = {Inter-Research Science Center},
	volume = {17},
	number = {2},
	pages = {93-121},
	author = {R Lewison and D Oro and B Godley and L Underhill and S Bearhop and RP Wilson and D Ainley and JM Arcos and PD Boersma and PG Borboroglu and T Boulinier and M Frederiksen and M Genovart and J Gonz{\'{a}}lez-Sol{\'{\i}}s and JA Green and D Gr{\'{e}}millet and KC Hamer and GM Hilton and KD Hyrenbach and A Mart{\'{\i}}nez-Abra{\'{\i}}n and WA Montevecchi and RA Phillips and PG Ryan and P Sagar and WJ Sydeman and S Wanless and Y Watanuki and H Weimerskirch and P Yorio},
	title = {Research priorities for seabirds: Improving conservation and management in the 21st century},
	journal = {Endangered Species Research}
}