@article{ID84976320672,
	doi = {10.1016/j.aquatox.2016.06.008},
	url = {https://doi.org/10.1016%2Fj.aquatox.2016.06.008},
	year = 2016,
	month = {aug},
	publisher = {Elsevier {BV}},
	volume = {177},
	pages = {324-332},
	author = {Julie Grasset and {\'{E}}lodie Ollivier and B{\'{e}}r{\'{e}}nice Bougas and Glenn Yannic and Peter G. C. Campbell and Louis Bernatchez and Patrice Couture},
	title = {Combined effects of temperature changes and metal contamination at different levels of biological organization in yellow perch},
	journal = {Aquatic Toxicology}
}