@article{ID84930507821,
	doi = {10.1016/j.ygcen.2015.04.012},
	url = {https://doi.org/10.1016%2Fj.ygcen.2015.04.012},
	year = 2015,
	month = {may},
	publisher = {Elsevier {BV}},
	volume = {216},
	pages = {39-45},
	author = {Rolanda J. Steenweg and Holly L. Hennin and JoÃ«l B{\^{e}}ty and H. Grant Gilchrist and Tony D. Williams and Glenn T. Crossin and Oliver P. Love},
	title = {Sources of diel variation in energetic physiology in an Arctic-breeding, diving seaduck},
	journal = {General and Comparative Endocrinology}
}