@article{ID84956639254,
	doi = {10.1111/ecog.01587},
	url = {https://doi.org/10.1111%2Fecog.01587},
	year = 2015,
	month = {oct},
	publisher = {Wiley-Blackwell},
	volume = {39},
	number = {2},
	pages = {194-203},
	author = {Christopher E. Doughty and Adam Wolf and Naia Morueta-Holme and Peter M. J{\o}rgensen and Brody Sandel and Cyrille Violle and Brad Boyle and Nathan J. B. Kraft and Robert K. Peet and Brian J. Enquist and Jens-Christian Svenning and Stephen Blake and Mauro Galetti},
	title = {Megafauna extinction, tree species range reduction, and carbon storage in Amazonian forests},
	journal = {Ecography}
}