@article{ID84990941199,
	doi = {10.1007/s00442-016-3740-0},
	url = {https://doi.org/10.1007%2Fs00442-016-3740-0},
	year = 2016,
	month = {oct},
	publisher = {Springer Nature},
	volume = {183},
	number = {1},
	pages = {45-56},
	author = {Marianne Haage and Tiit Maran and Ulrika Alm Bergvall and Bodil Elmhagen and Anders Angerbjörn},
	title = {The influence of spatiotemporal conditions and personality on survival in reintroductions–evolutionary implications},
	journal = {Oecologia}
}