@article{ID84921616253,
	doi = {10.1111/1365-2664.12374},
	url = {https://doi.org/10.1111%2F1365-2664.12374},
	year = 2014,
	month = {dec},
	publisher = {Wiley-Blackwell},
	volume = {52},
	number = {1},
	pages = {21-30},
	author = {Allan Timmermann and Christian Damgaard and Morten T. Strandberg and Jens-Christian Svenning},
	editor = {Joseph Bennett},
	title = {Pervasive early 21st-century vegetation changes across Danish semi-natural ecosystems: More losers than winners and a shift towards competitive, tall-growing species},
	journal = {Journal of Applied Ecology}
}