@article{ID84875365437,
	doi = {10.1111/j.1600-0587.2012.07903.x},
	url = {https://doi.org/10.1111%2Fj.1600-0587.2012.07903.x},
	year = 2012,
	month = {sep},
	publisher = {Wiley-Blackwell},
	volume = {36},
	number = {3},
	pages = {331-341},
	author = {Risto Virtanen and John-Arvid Grytnes and Jonathan Lenoir and Miska Luoto and Jari Oksanen and Lauri Oksanen and Jens-Christian Svenning},
	title = {Productivity-diversity patterns in arctic tundra vegetation},
	journal = {Ecography}
}