@article{ID84899114539,
	doi = {10.1016/j.biocon.2014.04.002},
	url = {https://doi.org/10.1016%2Fj.biocon.2014.04.002},
	year = 2014,
	month = {jun},
	publisher = {Elsevier {BV}},
	volume = {174},
	pages = {101-110},
	author = {Ane Kirstine Brunbjerg and Jens-Christian Svenning and Rasmus Ejrn{\ae}s},
	title = {Experimental evidence for disturbance as key to the conservation of dune grassland},
	journal = {Biological Conservation}
}