@article{ID84971207189,
	doi = {10.1371/journal.pone.0155980},
	url = {https://doi.org/10.1371%2Fjournal.pone.0155980},
	year = 2016,
	month = {may},
	publisher = {Public Library of Science ({PLoS})},
	volume = {11},
	number = {5},
	pages = {e0155980},
	author = {Sabrina Tartu and Sophie Bourgeon and Jon Aars and Magnus Andersen and Dorothee Ehrich and Gregory W. Thiemann and Jeffrey M. Welker and Heli Routti},
	editor = {Philippe Archambault},
	title = {Geographical area and life history traits influence diet in an Arctic marine predator},
	journal = {{PLOS} {ONE}}
}