@article{ID84902549265,
	doi = {10.1111/1365-2656.12188},
	url = {https://doi.org/10.1111%2F1365-2656.12188},
	year = 2014,
	month = {jan},
	publisher = {Wiley-Blackwell},
	volume = {83},
	number = {4},
	pages = {943-952},
	author = {David Fowler and Jean-Philippe Lessard and Nathan J. Sanders},
	editor = {Jason Tylianakis},
	title = {Niche filtering rather than partitioning shapes the structure of temperate forest ant communities},
	journal = {Journal of Animal Ecology}
}