@article{ID84858314861,
	doi = {10.1016/j.ecolind.2012.01.017},
	url = {https://doi.org/10.1016%2Fj.ecolind.2012.01.017},
	year = 2012,
	month = {sep},
	publisher = {Elsevier {BV}},
	volume = {20},
	pages = {221-227},
	author = {Toke Thomas H{\o}ye and Flemming Skov and Christopher John Topping},
	title = {Interpreting outputs of agent-based models using abundance-occupancy relationships},
	journal = {Ecological Indicators}
}