@article{ID84898287756,
	doi = {10.1098/rspb.2013.1201},
	url = {https://doi.org/10.1098%2Frspb.2013.1201},
	year = 2013,
	month = {aug},
	publisher = {The Royal Society},
	volume = {280},
	number = {1768},
	pages = {20131201-20131201},
	author = {M. C. Fitzpatrick and N. J. Sanders and S. Normand and J.-C. Svenning and S. Ferrier and A. D. Gove and R. R. Dunn},
	title = {Environmental and historical imprints on beta diversity: Insights from variation in rates of species turnover along gradients},
	journal = {Proceedings of the Royal Society B: Biological Sciences}
}