@article{ID84922985553,
	doi = {10.1098/rsbl.2014.0754},
	url = {https://doi.org/10.1098%2Frsbl.2014.0754},
	year = 2015,
	month = {feb},
	publisher = {The Royal Society},
	volume = {11},
	number = {2},
	pages = {20140754-20140754},
	author = {E. Vas and A. Lescroel and O. Duriez and G. Boguszewski and D. Gremillet},
	title = {Approaching birds with drones: First experiments and ethical guidelines},
	journal = {Biology Letters}
}