@article{ID84864479329,
	doi = {10.1038/nclimate1514},
	url = {https://doi.org/10.1038%2Fnclimate1514},
	year = 2012,
	month = {may},
	publisher = {Springer Nature},
	volume = {2},
	number = {8},
	pages = {619-622},
	author = {Stefan Dullinger and Andreas Gattringer and Wilfried Thuiller and Dietmar Moser and Niklaus E. Zimmermann and Antoine Guisan and Wolfgang Willner and Christoph Plutzar and Michael Leitner and Thomas Mang and Marco Caccianiga and Thomas Dirnböck and Siegrun Ertl and Anton Fischer and Jonathan Lenoir and Jens-Christian Svenning and Achilleas Psomas and Dirk R. Schmatz and Urban Silc and Pascal Vittoz and Karl Hülber},
	title = {Extinction debt of high-mountain plants under twenty-first-century climate change},
	journal = {Nature Climate Change}
}