@article{ID84959010417,
	doi = {10.1111/geb.12426},
	url = {https://doi.org/10.1111%2Fgeb.12426},
	year = 2016,
	month = {jan},
	publisher = {Wiley-Blackwell},
	volume = {25},
	number = {4},
	pages = {443-454},
	author = {V. Deblauwe and V. Droissart and R. Bose and B. Sonk{\'{e}} and A. Blach-Overgaard and J.-C. Svenning and J. J. Wieringa and B. R. Ramesh and T. St{\'{e}}vart and T. L. P. Couvreur},
	title = {Remotely sensed temperature and precipitation data improve species distribution modelling in the tropics},
	journal = {Global Ecology and Biogeography}
}