@article{ID84920913745,
	doi = {10.1016/j.aquaculture.2014.12.003},
	url = {https://doi.org/10.1016%2Fj.aquaculture.2014.12.003},
	year = 2015,
	month = {feb},
	publisher = {Elsevier {BV}},
	volume = {437},
	pages = {312-317},
	author = {Marine Holbach and Ren{\'{e}} Robert and Pierre Boudry and Bruno Petton and Philippe Archambault and R{\'{e}}jean Tremblay},
	title = {Scallop larval survival from erythromycin treated broodstock after conditioning without sediment},
	journal = {Aquaculture}
}