@article{ID84965036354,
	doi = {10.1186/s13059-016-0943-y},
	url = {https://doi.org/10.1186%2Fs13059-016-0943-y},
	year = 2016,
	month = {may},
	publisher = {Springer Nature},
	volume = {17},
	number = {1},
	author = {S. Faurby and L. Werdelin and J. C. Svenning},
	title = {The difference between trivial and scientific names: There were never any true cheetahs in North America},
	journal = {Genome Biology}
}