@article{ID84884814319,
	doi = {10.1007/s00442-013-2641-8},
	url = {https://doi.org/10.1007%2Fs00442-013-2641-8},
	year = 2013,
	month = {mar},
	publisher = {Springer Nature},
	volume = {173},
	number = {2},
	pages = {439-447},
	author = {Tomas Meijer and Bodil Elmhagen and Nina E. Eide and Anders Angerbj√∂rn},
	title = {Life history traits in a cyclic ecosystem: A field experiment on the arctic fox},
	journal = {Oecologia}
}