@article{ID84880104231,
	doi = {10.3732/ajb.1200469},
	url = {https://doi.org/10.3732%2Fajb.1200469},
	year = 2013,
	month = {jun},
	publisher = {Botanical Society of America},
	volume = {100},
	number = {7},
	pages = {1266-1286},
	author = {J.-C. Svenning and B. Sandel},
	title = {Disequilibrium vegetation dynamics under future climate change},
	journal = {American Journal of Botany}
}