@article{ID84887204889,
	doi = {10.1111/een.12050},
	url = {https://doi.org/10.1111%2Feen.12050},
	year = 2013,
	month = {nov},
	publisher = {Wiley-Blackwell},
	volume = {38},
	number = {6},
	pages = {540-542},
	author = {KATHARINE L. STUBLE and LACY D. CHICK and MARIANO A. RODRIGUEZ-CABAL and JEAN-PHILIPPE LESSARD and NATHAN J. SANDERS},
	title = {Fire ants are drivers of biodiversity loss: A reply to King and Tschinkel (2013)},
	journal = {Ecological Entomology}
}