@article{ID84857388087,
	doi = {10.1080/00063657.2011.595774},
	url = {https://doi.org/10.1080%2F00063657.2011.595774},
	year = 2011,
	month = {jul},
	publisher = {Informa {UK} Limited},
	volume = {58},
	number = {4},
	pages = {421-434},
	author = {Pierre Legagneux and Sandrine Emeriau and Mathieu Giraudeau and Camille Duval and Alain Caizergues},
	title = {Combining field and aviary approaches to monitor incubation in ducks: Importance of clutch size, body mass and weather},
	journal = {Bird Study}
}