@article{ID84866920162,
	doi = {10.1016/j.anbehav.2012.07.004},
	url = {https://doi.org/10.1016%2Fj.anbehav.2012.07.004},
	year = 2012,
	month = {oct},
	publisher = {Elsevier {BV}},
	volume = {84},
	number = {4},
	pages = {835-842},
	author = {Paul A. Smith and Ingrid Tulp and Hans Schekkerman and H. Grant Gilchrist and Mark R. Forbes},
	title = {Shorebird incubation behaviour and its influence on the risk of nest predation},
	journal = {Animal Behaviour}
}