@article{ID84925314862,
	doi = {10.1371/journal.pone.0115231},
	url = {https://doi.org/10.1371%2Fjournal.pone.0115231},
	year = 2014,
	month = {dec},
	publisher = {Public Library of Science ({PLoS})},
	volume = {9},
	number = {12},
	pages = {e115231},
	author = {Nora C. Spencer and H. Grant Gilchrist and Mark L. Mallory},
	editor = {Hans-Ulrich Peter},
	title = {Annual movement patterns of endangered ivory gulls: The importance of sea ice},
	journal = {{PLoS} {ONE}}
}