@article{ID84859850114,
	doi = {10.1111/j.1757-1707.2011.01104.x},
	url = {https://doi.org/10.1111%2Fj.1757-1707.2011.01104.x},
	year = 2011,
	month = {apr},
	publisher = {Wiley-Blackwell},
	volume = {3},
	number = {6},
	pages = {472-482},
	author = {JANA GEVERS and TOKE THOMAS H{\O}YE and CHRIS JOHN TOPPING and MICHAEL GLEMNITZ and BORIS SCHRÃ–DER},
	title = {Biodiversity and the mitigation of climate change through bioenergy: impacts of increased maize cultivation on farmland wildlife},
	journal = {{GCB} Bioenergy}
}