@article{ID84902770875,
	doi = {10.1086/676669},
	url = {https://doi.org/10.1086%2F676669},
	year = 2014,
	month = {jul},
	publisher = {University of Chicago Press},
	volume = {87},
	number = {4},
	pages = {539-549},
	author = {Magali Petit and Agn{\`{e}}s Lewden and Fran{\c{c}}ois V{\'{e}}zina},
	title = {How does flexibility in body composition relate to seasonal changes in metabolic performance in a small passerine wintering at northern latitude?},
	journal = {Physiological and Biochemical Zoology}
}