@article{ID84888022951,
	doi = {10.1111/jeb.12256},
	url = {https://doi.org/10.1111%2Fjeb.12256},
	year = 2013,
	month = {oct},
	publisher = {Wiley-Blackwell},
	volume = {26},
	number = {12},
	pages = {2558-2565},
	author = {S. Guindre-Parker and S. Baldo and H. G. Gilchrist and C. A. Macdonald and C. M. Harris and O. P. Love},
	title = {The oxidative costs of territory quality and offspring provisioning},
	journal = {Journal of Evolutionary Biology}
}