@article{ID84977507421,
	doi = {10.1111/1365-2664.12701},
	url = {https://doi.org/10.1111%2F1365-2664.12701},
	year = 2016,
	month = {jun},
	publisher = {Wiley-Blackwell},
	volume = {54},
	number = {1},
	pages = {303-312},
	author = {Jian Zhang and Scott E. Nielsen and Youhua Chen and Damien Georges and Yuchu Qin and Si-Shuo Wang and Jens-Christian Svenning and Wilfried Thuiller},
	title = {Extinction risk of North American seed plants elevated by climate and land-use change},
	journal = {Journal of Applied Ecology}
}