@article{ID84921436020,
	doi = {10.1002/ece3.1357},
	url = {https://doi.org/10.1002%2Fece3.1357},
	year = 2014,
	month = {dec},
	publisher = {Wiley-Blackwell},
	volume = {5},
	number = {2},
	pages = {314-325},
	author = {S{\'{e}}bastien Descamps and Arnaud Tarroux and {\O}ystein Varpe and Nigel G. Yoccoz and Torkild Tveraa and Svein-H{\aa}kon Lorentsen},
	title = {Demographic effects of extreme weather events: Snow storms, breeding success, and population growth rate in a long-lived Antarctic seabird},
	journal = {Ecology and Evolution}
}