@article{ID84955458623,
	doi = {10.1371/journal.pone.0144110},
	url = {https://doi.org/10.1371%2Fjournal.pone.0144110},
	year = 2015,
	month = {dec},
	publisher = {Public Library of Science ({PLoS})},
	volume = {10},
	number = {12},
	pages = {e0144110},
	author = {Yves Basset and Lukas Cizek and Philippe Cu{\'{e}}noud and Raphael K. Didham and Vojtech Novotny and Frode {\O}degaard and Tomas Roslin and Alexey K. Tishechkin and JÃ¼rgen Schmidl and Neville N. Winchester and David W. Roubik and Henri-Pierre Aberlenc and Johannes Bail and H{\'{e}}ctor Barrios and Jonathan R. Bridle and Gabriela Casta{\~{n}}o-Meneses and Bruno Corbara and Gianfranco Curletti and Wesley Duarte da Rocha and Domir De Bakker and Jacques H. C. Delabie and Alain Dejean and Laura L. Fagan and Andreas Floren and Roger L. Kitching and Enrique Medianero and Evandro Gama de Oliveira and J{\'{e}}r{\^{o}}me Orivel and Marc Pollet and Mathieu Rapp and S{\'{e}}rvio P. Ribeiro and Yves Roisin and Jesper B. Schmidt and Line S{\o}rensen and Thomas M. Lewinsohn and Maurice Leponce},
	editor = {Robert Guralnick},
	title = {Arthropod distribution in a tropical rainforest: Tackling a four dimensional puzzle},
	journal = {{PLOS} {ONE}}
}