@article{ID84907387660,
	doi = {10.3354/meps10825},
	url = {https://doi.org/10.3354%2Fmeps10825},
	year = 2014,
	month = {aug},
	publisher = {Inter-Research Science Center},
	volume = {509},
	pages = {289-302},
	author = {TK Reiertsen and KE Erikstad and T Anker-Nilssen and RT Barrett and T Boulinier and M Frederiksen and J Gonz{\'{a}}lez-Sol{\'{\i}}s and D Gremillet and D Johns and B Moe and A Ponchon and M Skern-Mauritzen and H Sandvik and NG Yoccoz},
	title = {Prey density in non-breeding areas affects adult survival of black-legged kittiwakes Rissa tridactyla},
	journal = {Marine Ecology Progress Series}
}