@article{ID84952985817,
	doi = {10.1007/s00436-015-4810-7},
	url = {https://doi.org/10.1007%2Fs00436-015-4810-7},
	year = 2015,
	month = {nov},
	publisher = {Springer Nature},
	volume = {115},
	number = {1},
	pages = {445-447},
	author = {Lo√Øc Bollache},
	title = {Effects of the cestode parasite, Cyathocephalus truncatus, on the fecundity and feeding rate of Gammarus pulex (Crustacea: Amphipoda)},
	journal = {Parasitology Research}
}