@article{ID84962784579,
	doi = {10.1016/j.ympev.2016.03.002},
	url = {https://doi.org/10.1016%2Fj.ympev.2016.03.002},
	year = 2016,
	month = {jul},
	publisher = {Elsevier {BV}},
	volume = {100},
	pages = {57-69},
	author = {S{\o}ren Faurby and Wolf L. Eiserhardt and William J. Baker and Jens-Christian Svenning},
	title = {An all-evidence species-level supertree for the palms (Arecaceae)},
	journal = {Molecular Phylogenetics and Evolution}
}