@article{ID84939803773,
	doi = {10.1038/nclimate2697},
	url = {https://doi.org/10.1038%2Fnclimate2697},
	year = 2015,
	month = {jul},
	publisher = {Springer Nature},
	volume = {5},
	number = {9},
	pages = {887-891},
	author = {Isla H. Myers-Smith and Sarah C. Elmendorf and Pieter S. A. Beck and Martin Wilmking and Martin Hallinger and Daan Blok and Ken D. Tape and Shelly A. Rayback and Marc Macias-Fauria and Bruce C. Forbes and James D. M. Speed and No{\'{e}}mie Boulanger-Lapointe and Christian Rixen and Esther L{\'{e}}vesque and Niels Martin Schmidt and Claudia Baittinger and Andrew J. Trant and Luise Hermanutz and Laura Siegwart Collier and Melissa A. Dawes and Trevor C. Lantz and Stef Weijers and Rasmus Halfdan J{\o}rgensen and Agata Buchwal and Allan Buras and Adam T. Naito and Virve Ravolainen and Gabriela Schaepman-Strub and Julia A. Wheeler and Sonja Wipf and Kevin C. Guay and David S. Hik and Mark Vellend},
	title = {Climate sensitivity of shrub growth across the tundra biome},
	journal = {Nature Climate Change}
}