@article{ID84896713596,
	doi = {10.1371/journal.pone.0081836},
	url = {https://doi.org/10.1371%2Fjournal.pone.0081836},
	year = 2013,
	month = {nov},
	publisher = {Public Library of Science ({PLoS})},
	volume = {8},
	number = {11},
	pages = {e81836},
	author = {James H. Williams and Jesper Madsen},
	editor = {Zoe G. Davies},
	title = {Stakeholder perspectives and values when setting waterbird population targets: Implications for flyway management planning in a European context},
	journal = {{PLoS} {ONE}}
}