@article{ID84874231869,
	doi = {10.1098/rspb.2012.3048},
	url = {https://doi.org/10.1098%2Frspb.2012.3048},
	year = 2013,
	month = {feb},
	publisher = {The Royal Society},
	volume = {280},
	number = {1757},
	pages = {20123048-20123048},
	author = {M. Rakotoarinivo and A. Blach-Overgaard and W. J. Baker and J. Dransfield and J. Moat and J.-C. Svenning},
	title = {Palaeo-precipitation is a major determinant of palm species richness patterns across madagascar: A tropical biodiversity hotspot},
	journal = {Proceedings of the Royal Society B: Biological Sciences}
}