@article{ID84860613433,
	doi = {10.1111/j.1472-4642.2011.00861.x},
	url = {https://doi.org/10.1111%2Fj.1472-4642.2011.00861.x},
	year = 2011,
	month = {oct},
	publisher = {Wiley-Blackwell},
	volume = {18},
	number = {6},
	pages = {563-574},
	author = {Siw T. Killengreen and Elise Str{\o}mseng and Nigel G. Yoccoz and Rolf A. Ims},
	title = {How ecological neighbourhoods influence the structure of the scavenger guild in low arctic tundra},
	journal = {Diversity and Distributions}
}