@article{ID84867617533,
	doi = {10.3732/ajb.1200279},
	url = {https://doi.org/10.3732%2Fajb.1200279},
	year = 2012,
	month = {sep},
	publisher = {Botanical Society of America},
	volume = {99},
	number = {10},
	pages = {1638-1646},
	author = {G. Dufour-Tremblay and L. De Vriendt and E. Levesque and S. Boudreau},
	title = {The importance of ecological constraints on the control of multi-species treeline dynamics in Eastern Nunavik, Qu√©bec},
	journal = {American Journal of Botany}
}