@article{ID84991769662,
	doi = {10.1016/j.envpol.2016.08.052},
	url = {https://doi.org/10.1016%2Fj.envpol.2016.08.052},
	year = 2016,
	month = {nov},
	publisher = {Elsevier {BV}},
	volume = {218},
	pages = {1014-1022},
	author = {J. F. Provencher and M. R. Forbes and H. L. Hennin and O. P. Love and B. M. Braune and M. L. Mallory and H. G. Gilchrist},
	title = {Implications of mercury and lead concentrations on breeding physiology and phenology in an Arctic bird},
	journal = {Environmental Pollution}
}