@article{ID84991648587,
	doi = {10.1111/ecog.02414},
	url = {https://doi.org/10.1111%2Fecog.02414},
	year = 2016,
	month = {oct},
	publisher = {Wiley-Blackwell},
	volume = {40},
	number = {9},
	pages = {1076-1087},
	author = {Nathan Ranc and Luca Santini and Carlo Rondinini and Luigi Boitani and Fran{\c{c}}oise Poitevin and Anders Angerbj√∂rn and Luigi Maiorano},
	title = {Performance tradeoffs in target-group bias correction for species distribution models},
	journal = {Ecography}
}