@article{ID84907085371,
	doi = {10.1007/s10592-014-0611-2},
	url = {https://doi.org/10.1007%2Fs10592-014-0611-2},
	year = 2014,
	month = {may},
	publisher = {Springer Nature},
	volume = {15},
	number = {5},
	pages = {1197-1208},
	author = {Zachary T. Lounsberry and Juliana B. Almeida and Richard B. Lanctot and Joseph R. Liebezeit and Brett K. Sandercock and Khara M. Strum and Steve Zack and Samantha M. Wisely},
	title = {Museum collections reveal that Buff-breasted Sandpipers (Calidris subruficollis) maintained mtDNA variability despite large population declines during the past 135Â years},
	journal = {Conservation Genetics}
}