@article{ID84879148892,
	doi = {10.1080/17550874.2013.773104},
	url = {https://doi.org/10.1080%2F17550874.2013.773104},
	year = 2013,
	month = {jun},
	publisher = {Informa {UK} Limited},
	volume = {6},
	number = {2},
	pages = {257-268},
	author = {Virve T. Ravolainen and Kari A. Br{\aa}then and Rolf A. Ims and Nigel G. Yoccoz and Eeva M. Soininen},
	title = {Shrub patch configuration at the landscape scale is related to diversity of adjacent herbaceous vegetation},
	journal = {Plant Ecology {\&} Diversity}
}