@article{ID84983747339,
	doi = {10.1080/15659801.2015.1038035},
	url = {https://doi.org/10.1080%2F15659801.2015.1038035},
	year = 2015,
	month = {jan},
	publisher = {Brill Academic Publishers},
	volume = {61},
	number = {1},
	pages = {1-12},
	author = {Robert D. Holt},
	title = {Inference towards the best explanation: Reflections on the issue of climate change},
	journal = {Israel Journal of Ecology {\&} Evolution}
}