@article{ID84919712771,
	doi = {10.1016/j.scitotenv.2014.12.039},
	url = {https://doi.org/10.1016%2Fj.scitotenv.2014.12.039},
	year = 2015,
	month = {apr},
	publisher = {Elsevier {BV}},
	volume = {511},
	pages = {112-122},
	author = {Martin S. Andersen and Eva Fuglei and Max KÃ¶nig and Inka Lipasti and {\AA}shild {\O}. Pedersen and Anuschka Polder and Nigel G. Yoccoz and Heli Routti},
	title = {Levels and temporal trends of persistent organic pollutants (POPs) in arctic foxes (Vulpes lagopus) from Svalbard in relation to dietary habits and food availability},
	journal = {Science of The Total Environment}
}