@article{ID84922548611,
	doi = {10.1111/ecog.00913},
	url = {https://doi.org/10.1111%2Fecog.00913},
	year = 2014,
	month = {sep},
	publisher = {Wiley-Blackwell},
	volume = {38},
	number = {2},
	pages = {130-139},
	author = {Nick J. Baker and Riikka Kaartinen and Tomas Roslin and Daniel B. Stouffer},
	title = {Species' roles in food webs show fidelity across a highly variable oak forest},
	journal = {Ecography}
}