@article{ID84934998729,
	doi = {10.1642/auk-14-273.1},
	url = {https://doi.org/10.1642%2Fauk-14-273.1},
	year = 2015,
	month = {jul},
	publisher = {American Ornithologists{\textquotesingle} Union},
	volume = {132},
	number = {3},
	pages = {735-747},
	author = {Gilles Gauthier and Pierre Legagneux and Marc-Andr{\'{e}} Valiquette and Marie-Christine Cadieux and Jean-Fran{\c{c}}ois Therrien},
	title = {Diet and reproductive success of an Arctic generalist predator: Interplay between variations in prey abundance, nest site location, and intraguild predation},
	journal = {The Auk}
}