@article{ID84862257765,
	doi = {10.2298/abs1202557p},
	url = {https://doi.org/10.2298%2Fabs1202557p},
	year = 2012,
	publisher = {National Library of Serbia},
	volume = {64},
	number = {2},
	pages = {557-565},
	author = {C. Pertoldi and L. A. Bach and J. C. Svenning and C. Damgaard and M. Bayley},
	title = {Contributions from population genetics to ecotoxicology and stress ecology in light of transformation to the population genomic era},
	journal = {Archives of Biological Sciences}
}