@article{ID84885858417,
	doi = {10.1002/etc.2329},
	url = {https://doi.org/10.1002%2Fetc.2329},
	year = 2013,
	month = {aug},
	publisher = {Wiley-Blackwell},
	pages = {n/a-n/a},
	author = {Jan O. Bustnes and B{\aa}rd J. B{\aa}rdsen and Dorte Herzke and Trond V. Johnsen and Igor Eulaers and Manuel Ballesteros and Sveinn A. Hanssen and Adrian Covaci and Veerle L. B. Jaspers and Marcel Eens and Christian Sonne and Duncan Halley and Truls Moum and Therese Haugdal N{\o}st and Kjell E. Erikstad and Rolf Anker Ims},
	title = {Plasma concentrations of organohalogenated pollutants in predatory bird nestlings: Associations to growth rate and dietary tracers},
	journal = {Environmental Toxicology and Chemistry},
	volume = {32},
	number = {11}
}