@article{ID84875833674,
	doi = {10.1111/gcb.12129},
	url = {https://doi.org/10.1111%2Fgcb.12129},
	year = 2013,
	month = {feb},
	publisher = {Wiley-Blackwell},
	volume = {19},
	number = {5},
	pages = {1470-1481},
	author = {Jonathan Lenoir and Bente Jessen Graae and Per Arild Aarrestad and Inger Greve Alsos and W. Scott Armbruster and Gunnar Austrheim and Claes Bergendorff and H. John B. Birks and Kari Anne Br{\aa}then and JÃ¶rg Brunet and Hans Henrik Bruun and Carl Johan Dahlberg and Guillaume Decocq and Martin Diekmann and Mats Dynesius and Rasmus Ejrnaes and John-Arvid Grytnes and Kristoffer Hylander and Kari Klanderud and Miska Luoto and Ann Milbau and Mari Moora and Bettina Nygaard and Arvid Odland and Virve Tuulia Ravolainen and Stefanie Reinhardt and Sylvi Marlen Sandvik and Fride H{\o}istad Schei and James David Mervyn Speed and Liv Unn Tveraabak and Vigdis Vandvik and Liv Guri Velle and Risto Virtanen and Martin Zobel and Jens-Christian Svenning},
	title = {Local temperatures inferred from plant communities suggest strong spatial buffering of climate warming across Northern Europe},
	journal = {Global Change Biology}
}