@article{ID84891018918,
	doi = {10.1007/s00300-013-1404-7},
	url = {https://doi.org/10.1007%2Fs00300-013-1404-7},
	year = 2013,
	month = {nov},
	publisher = {Springer Nature},
	volume = {37},
	number = {1},
	pages = {1-14},
	author = {Gitte H{\o}j Jensen and Jesper Madsen and Fred A. Johnson and Mikkel P. Tamstorf},
	title = {Snow conditions as an estimator of the breeding output in high-Arctic pink-footed geese Anser brachyrhynchus},
	journal = {Polar Biology}
}