@article{ID84896043524,
	doi = {10.1128/aem.02916-13},
	url = {https://doi.org/10.1128%2Faem.02916-13},
	year = 2014,
	month = {jan},
	publisher = {American Society for Microbiology},
	volume = {80},
	number = {7},
	pages = {2071-2083},
	author = {V. Mohit and P. Archambault and N. Toupoint and C. Lovejoy},
	title = {Phylogenetic differences in attached and free-living bacterial communities in a temperate coastal lagoon during summer, revealed via high-throughput 16S rRNA gene sequencing},
	journal = {Applied and Environmental Microbiology}
}