@article{ID84909982690,
	doi = {10.1111/1365-2656.12257},
	url = {https://doi.org/10.1111%2F1365-2656.12257},
	year = 2014,
	month = {jul},
	publisher = {Wiley-Blackwell},
	volume = {83},
	number = {6},
	pages = {1367-1378},
	author = {Fr{\'{e}}d{\'{e}}ric Barraquand and Adrien Pinot and Nigel G. Yoccoz and Vincent Bretagnolle},
	editor = {Tim Coulson},
	title = {Overcompensation and phase effects in a cyclic common vole population: Between first and second-order cycles},
	journal = {Journal of Animal Ecology}
}