@article{ID84918517436,
	doi = {10.1642/auk-13-193.1},
	url = {https://doi.org/10.1642%2Fauk-13-193.1},
	year = 2015,
	month = {jan},
	publisher = {American Ornithologists{\textquotesingle} Union},
	volume = {132},
	number = {1},
	pages = {212-234},
	author = {Sarah T. Saalfeld and Richard B. Lanctot},
	title = {Conservative and opportunistic settlement strategies in Arctic-breeding shorebirds},
	journal = {The Auk}
}