@article{ID84897646271,
	doi = {10.1007/s00442-013-2815-4},
	url = {https://doi.org/10.1007%2Fs00442-013-2815-4},
	year = 2013,
	month = {nov},
	publisher = {Springer Nature},
	volume = {174},
	number = {3},
	pages = {609-621},
	author = {Cornelia M. Tobner and Alain Paquette and Peter B. Reich and Dominique Gravel and Christian Messier},
	title = {Advancing biodiversity-ecosystem functioning science using high-density tree-based experiments over functional diversity gradients},
	journal = {Oecologia}
}