@article{ID84958057571,
	doi = {10.1007/s00265-015-2003-0},
	url = {https://doi.org/10.1007%2Fs00265-015-2003-0},
	year = 2015,
	month = {sep},
	publisher = {Springer Nature},
	volume = {69},
	number = {12},
	pages = {1907-1916},
	author = {Matthias Galipaud and Zo{\'{e}} Gauthey and J{\'{e}}r{\'{e}}mie Turlin and Loïc Bollache and Cl{\'{e}}ment Lagrue},
	title = {Mate choice and male–male competition among morphologically cryptic but genetically divergent amphipod lineages},
	journal = {Behavioral Ecology and Sociobiology}
}