@article{ID84900867402,
	doi = {10.1002/ece3.1048},
	url = {https://doi.org/10.1002%2Fece3.1048},
	year = 2014,
	month = {apr},
	publisher = {Wiley-Blackwell},
	volume = {4},
	number = {10},
	pages = {1804-1819},
	author = {Sharon Bewick and Katharine L. Stuble and Jean-Phillipe Lessard and Robert R. Dunn and Frederick R. Adler and Nathan J. Sanders},
	title = {Predicting future coexistence in a North American ant community},
	journal = {Ecology and Evolution}
}