@article{ID84903545597,
	doi = {10.1371/journal.pone.0100780},
	url = {https://doi.org/10.1371%2Fjournal.pone.0100780},
	year = 2014,
	month = {jun},
	publisher = {Public Library of Science ({PLoS})},
	volume = {9},
	number = {6},
	pages = {e100780},
	author = {Marianne Iversen and Per Fauchald and Knut Langeland and Rolf A. Ims and Nigel G. Yoccoz and Kari Anne Br{\aa}then},
	editor = {John F. Valentine},
	title = {Phenology and cover of plant growth forms predict herbivore habitat selection in a high latitude ecosystem},
	journal = {{PLoS} {ONE}}
}