@article{ID84858702957,
	doi = {10.1111/j.1365-2699.2011.02628.x},
	url = {https://doi.org/10.1111%2Fj.1365-2699.2011.02628.x},
	year = 2011,
	month = {nov},
	publisher = {Wiley-Blackwell},
	volume = {39},
	number = {4},
	pages = {739-749},
	author = {Daniel W. Carstensen and Bo Dalsgaard and Jens-Christian Svenning and Carsten Rahbek and Jon Fjelds{\aa} and William J. Sutherland and Jens M. Olesen},
	title = {Biogeographical modules and island roles: A comparison of Wallacea and the West Indies},
	journal = {Journal of Biogeography}
}