@article{ID84923277445,
	doi = {10.14430/arctic4462},
	url = {https://doi.org/10.14430%2Farctic4462},
	year = 2015,
	month = {feb},
	publisher = {The Arctic Institute of North America},
	volume = {68},
	number = {1},
	pages = {107},
	author = {Aevar Petersen and David B. Irons and H. Grant Gilchrist and Gregory J. Robertson and David Boertmann and Hallvard Str{\o}m and Maria Gavrilo and Yuri Artukhin and Daniel S. Clausen and Kathy J. Kuletz and Mark L. Mallory},
	title = {The status of Glaucous Gulls Larus hyperboreus in the circumpolar Arctic},
	journal = {{ARCTIC}}
}