@article{ID84867743857,
	doi = {10.1111/j.1600-0706.2012.20108.x},
	url = {https://doi.org/10.1111%2Fj.1600-0706.2012.20108.x},
	year = 2012,
	month = {mar},
	publisher = {Wiley-Blackwell},
	volume = {121},
	number = {11},
	pages = {1771-1782},
	author = {Riikka Kaartinen and Tomas Roslin},
	title = {High temporal consistency in quantitative food web structure in the face of extreme species turnover},
	journal = {Oikos}
}