@article{ID85018590625,
	doi = {10.1111/2041-210x.12713},
	url = {https://doi.org/10.1111%2F2041-210x.12713},
	year = 2017,
	month = {apr},
	publisher = {Wiley-Blackwell},
	volume = {8},
	number = {7},
	pages = {881-886},
	author = {Eva Delmas and Ulrich Brose and Dominique Gravel and Daniel B. Stouffer and Timoth{\'{e}}e Poisot},
	editor = {Richard Fitzjohn},
	title = {Simulations of biomass dynamics in community food webs},
	journal = {Methods in Ecology and Evolution}
}