@article{ID85031715597,
	doi = {10.1016/j.marpolbul.2017.10.001},
	url = {https://doi.org/10.1016%2Fj.marpolbul.2017.10.001},
	year = 2017,
	month = {oct},
	publisher = {Elsevier {BV}},
	author = {Stephanie Avery-Gomm and Jennifer F. Provencher and Max Liboiron and Florence E. Poon and Paul A. Smith},
	title = {Plastic pollution in the Labrador Sea: An assessment using the seabird northern fulmar Fulmarus glacialis as a biological monitoring species},
	journal = {Marine Pollution Bulletin}
}