@article{ID85017606854,
	doi = {10.1371/journal.pone.0174904},
	url = {https://doi.org/10.1371%2Fjournal.pone.0174904},
	year = 2017,
	month = {apr},
	publisher = {Public Library of Science ({PLoS})},
	volume = {12},
	number = {4},
	pages = {e0174904},
	author = {Anders G. Finstad and Erlend B. Nilsen and Ditte K. Hendrichsen and Niels Martin Schmidt},
	editor = {Peter Ekl√∂v},
	title = {Catchment vegetation and temperature mediating trophic interactions and production in plankton communities},
	journal = {{PLOS} {ONE}}
}