@article{ID85032653820,
	doi = {10.1007/s10661-017-6317-4},
	url = {https://doi.org/10.1007%2Fs10661-017-6317-4},
	year = 2017,
	month = {oct},
	publisher = {Springer Nature},
	volume = {189},
	number = {11},
	author = {Kari E. Ellingsen and Nigel G. Yoccoz and Torkild Tveraa and Judi E. Hewitt and Simon F. Thrush},
	title = {Long-term environmental monitoring for assessment of change: measurement inconsistencies over time and potential solutions},
	journal = {Environmental Monitoring and Assessment}
}