@article{ID85019428606,
	doi = {10.1656/045.024.s712},
	url = {https://doi.org/10.1656%2F045.024.s712},
	year = 2017,
	month = {mar},
	publisher = {Humboldt Field Research Institute},
	volume = {24},
	number = {sp7},
	pages = {B81-B89},
	author = {Jean-Fran{\c{c}}ois Therrien and Scott Weidensaul and David Brinker and Steve Huy and Trish Miller and Eugene Jacobs and Drew Weber and Tom McDonald and Mike Lanzone and Norman Smith and Nicolas Lecomte},
	title = {Winter use of a highly diverse suite of habitats by irruptive snowy owls},
	journal = {Northeastern Naturalist}
}