@article{ID85009973304,
	doi = {10.1016/j.anbehav.2016.12.017},
	url = {https://doi.org/10.1016%2Fj.anbehav.2016.12.017},
	year = 2017,
	month = {feb},
	publisher = {Elsevier {BV}},
	volume = {124},
	pages = {183-191},
	author = {Aurore Ponchon and Lech Iliszko and David Gr{\'{e}}millet and Torkild Tveraa and Thierry Boulinier},
	title = {Intense prospecting movements of failed breeders nesting in an unsuccessful breeding subcolony},
	journal = {Animal Behaviour}
}