@article{ID85013319133,
	doi = {10.1007/s13280-016-0878-2},
	url = {https://doi.org/10.1007%2Fs13280-016-0878-2},
	year = 2017,
	month = {feb},
	publisher = {Springer Nature},
	volume = {46},
	number = {S2},
	pages = {179-187},
	author = {Anthony D. Fox and Jesper Madsen},
	title = {Threatened species to super-abundance: The unexpected international implications of successful goose conservation},
	journal = {Ambio}
}