@article{ID85019834429,
	doi = {10.5735/086.054.0107},
	url = {https://doi.org/10.5735%2F086.054.0107},
	year = 2017,
	month = {apr},
	publisher = {Finnish Zoological and Botanical Publishing Board},
	volume = {54},
	number = {1-4},
	pages = {51-70},
	author = {Robert D. Holt},
	title = {Ilkka hanski, the "compleat ecologist": An homage to his contributions to the spatial dimension of food web interactions},
	journal = {Annales Zoologici Fennici}
}