@article{ID85012141606,
	doi = {10.1111/jav.01364},
	url = {https://doi.org/10.1111%2Fjav.01364},
	year = 2017,
	month = {jan},
	publisher = {Wiley-Blackwell},
	volume = {48},
	number = {1},
	pages = {173-179},
	author = {Marcel Klaassen and Steffen Hahn and Harry Korthals and Jesper Madsen},
	title = {Eggs brought in from afar: Svalbard-breeding pink-footed geese can fly their eggs across the Barents Sea},
	journal = {Journal of Avian Biology}
}