@article{ID85008937052,
	doi = {10.3389/fmars.2014.00065},
	url = {https://doi.org/10.3389%2Ffmars.2014.00065},
	year = 2014,
	month = {nov},
	publisher = {Frontiers Media {SA}},
	volume = {1},
	author = {Antoine Collin and Philippe Archambault and Serge Planes},
	title = {Revealing the regime of shallow coral reefs at patch scale by continuous spatial modeling},
	journal = {Frontiers in Marine Science},
	number = {NOV}
}