@article{ID85019881234,
	doi = {10.1371/journal.pone.0178044},
	url = {https://doi.org/10.1371%2Fjournal.pone.0178044},
	year = 2017,
	month = {may},
	publisher = {Public Library of Science ({PLoS})},
	volume = {12},
	number = {5},
	pages = {e0178044},
	author = {R{\'{e}}mi M. Daigle and Philippe Archambault and Benjamin S. Halpern and Julia S. Stewart Lowndes and Isabelle M. C{\^{o}}t{\'{e}}},
	editor = {Jo{\~{a}}o Miguel Dias},
	title = {Incorporating public priorities in the Ocean Health Index: Canada as a case study},
	journal = {{PLOS} {ONE}}
}