@article{ID85013829161,
	doi = {10.1038/srep42988},
	url = {https://doi.org/10.1038%2Fsrep42988},
	year = 2017,
	month = {feb},
	publisher = {Springer Nature},
	volume = {7},
	pages = {42988},
	author = {Alejandro Ordonez and Jens-Christian Svenning},
	title = {Consistent role of Quaternary climate change in shaping current plant functional diversity patterns across European plant orders},
	journal = {Scientific Reports}
}