@article{ID85018193608,
	doi = {10.3897/bdj.3.e6313},
	url = {https://doi.org/10.3897%2Fbdj.3.e6313},
	year = 2015,
	month = {aug},
	publisher = {Pensoft Publishers},
	volume = {3},
	pages = {e6313},
	author = {Angela Telfer and Jeremy deWaard and Monica Young and Jenna Quinn and Kate Perez and Crystal Sobel and Jayme Sones and Valerie Levesque-Beaudin and Rachael Derbyshire and Jose Fernandez-Triana and Rodolphe Rougerie and Abinah Thevanayagam and Adrian Boskovic and Alex Borisenko and Alex Cadel and Allison Brown and Anais Pages and Anibal Castillo and Annegret Nicolai and Barb Mockford Glenn Mockford and Bel{\'{e}}n Bukowski and Bill Wilson and Brock Trojahn and Carole Ann Lacroix and Chris Brimblecombe and Christoper Hay and Christmas Ho and Claudia Steinke and Connor Warne and Cristina Garrido Cortes and Daniel Engelking and Danielle Wright and Dario Lijtmaer and David Gascoigne and David Hernandez Martich and Derek Morningstar and Dirk Neumann and Dirk Steinke and Donna DeBruin Marco DeBruin and Dylan Dobias and Elizabeth Sears and Ellen Richard and Emily Damstra and Evgeny Zakharov and Frederic Laberge and Gemma Collins and Gergin Blagoev and Gerrie Grainge and Graham Ansell and Greg Meredith and Ian Hogg and Jaclyn McKeown and Janet Topan and Jason Bracey and Jerry Guenther and Jesse Sills-Gilligan and Joseph Addesi and Joshua Persi and Kara Layton and Kareina D{\textquotesingle}Souza and Kencho Dorji and Kevin Grundy and Kirsti Nghidinwa and Kylee Ronnenberg and Kyung Min Lee and Linxi Xie and Liuqiong Lu and Lyubomir Penev and Mailyn Gonzalez and Margaret Rosati and Mari Kekkonen and Maria Kuzmina and Marianne Iskandar and Marko Mutanen and Maryam Fatahi and Mikko Pentinsaari and Miriam Bauman and Nadya Nikolova and Natalia Ivanova and Nathaniel Jones and Nimalka Weerasuriya and Norman Monkhouse and Pablo Lavinia and Paul Jannetta and Priscila Hanisch and R. Troy McMullin and Rafael Ojeda Flores and Raphaëlle Mouttet and Reid Vender and Renee Labbee and Robert Forsyth and Rob Lauder and Ross Dickson and Ruth Kroft and Scott Miller and Shannon MacDonald and Sishir Panthi and Stephanie Pedersen and Stephanie Sobek-Swant and Suresh Naik and Tatsiana Lipinskaya and Thanushi Eagalle and Thibaud Decaëns and Thibault Kosuth and Thomas Braukmann and Tom Woodcock and Tomas Roslin and Tony Zammit and Victoria Campbell and Vlad Dinca and Vlada Peneva and Paul Hebert},
	title = {Biodiversity inventories in high gear: DNA barcoding facilitates a rapid biotic survey of a temperate nature reserve},
	journal = {Biodiversity Data Journal},
	number = {1}
}