@article{ID85027383548,
	doi = {10.7717/peerj.3644},
	url = {https://doi.org/10.7717%2Fpeerj.3644},
	year = 2017,
	month = {aug},
	publisher = {{PeerJ}},
	volume = {5},
	pages = {e3644},
	author = {Philippe Desjardins-Proulx and Idaline Laigle and Timoth{\'{e}}e Poisot and Dominique Gravel},
	title = {Ecological interactions and the Netflix problem},
	journal = {{PeerJ}},
	number = {8}
}