@article{ID85010540219,
	doi = {10.1080/17550870802338610},
	url = {https://doi.org/10.1080%2F17550870802338610},
	year = 2008,
	month = {nov},
	publisher = {Informa {UK} Limited},
	volume = {1},
	number = {2},
	pages = {329-338},
	author = {Kristine B. Westergaard and Inger G. Alsos and Dorothee Ehrich and Pernille B. Eidesen and Peter M. Hollingsworth and Christian Brochmann},
	title = {Genetic diversity and distinctiveness in scottish alpine plants},
	journal = {Plant Ecology {\&} Diversity}
}