@article{ID85028834925,
	doi = {10.1111/2041-210x.12866},
	url = {https://doi.org/10.1111%2F2041-210x.12866},
	year = 2017,
	month = {sep},
	publisher = {Wiley-Blackwell},
	author = {Shuqing N. Teng and Chi Xu and Brody Sandel and Jens-Christian Svenning},
	editor = {Robert Freckleton},
	title = {Effects of intrinsic sources of spatial autocorrelation on spatial regression modelling},
	journal = {Methods in Ecology and Evolution}
}