@article{ID85011298886,
	doi = {10.3402/polar.v35.24126},
	url = {https://doi.org/10.3402%2Fpolar.v35.24126},
	year = 2016,
	month = {jan},
	publisher = {Informa {UK} Limited},
	volume = {35},
	number = {1},
	pages = {24126},
	author = {No{\'{e}}mie Boulanger-Lapointe and Esther L{\'{e}}vesque and Claudia Baittinger and Niels M. Schmidt},
	title = {Local variability in growth and reproduction of Salix arctica in the High Arctic},
	journal = {Polar Research}
}