@article{ID85021910002,
	doi = {10.1016/j.foreco.2017.06.065},
	url = {https://doi.org/10.1016%2Fj.foreco.2017.06.065},
	year = 2017,
	month = {oct},
	publisher = {Elsevier {BV}},
	volume = {401},
	pages = {45-54},
	author = {R. Boonstra and C. J. Krebs and K. Cowcill},
	title = {Responses of key understory plants in the boreal forests of western North America to natural versus anthropogenic nitrogen levels},
	journal = {Forest Ecology and Management}
}