@article{ID85008975656,
	doi = {10.1016/j.foreco.2016.12.014},
	url = {https://doi.org/10.1016%2Fj.foreco.2016.12.014},
	year = 2017,
	month = {apr},
	publisher = {Elsevier {BV}},
	volume = {389},
	pages = {176-186},
	author = {Yoan Paillet and Fr{\'{e}}d{\'{e}}ric Archaux and Vincent Boulanger and Nicolas Debaive and Marc Fuhr and Olivier Gilg and Fr{\'{e}}d{\'{e}}ric Gosselin and Eric Guilbert},
	title = {Snags and large trees drive higher tree microhabitat densities in strict forest reserves},
	journal = {Forest Ecology and Management}
}