@article{ID85008196511,
	doi = {10.1016/j.ecolind.2016.12.026},
	url = {https://doi.org/10.1016%2Fj.ecolind.2016.12.026},
	year = 2017,
	month = {apr},
	publisher = {Elsevier {BV}},
	volume = {75},
	pages = {192-202},
	author = {Vera H. Hausner and Sigrid Engen and Ellen K. Bludd and Nigel G. Yoccoz},
	title = {Policy indicators for use in impact evaluations of protected area networks},
	journal = {Ecological Indicators}
}