@article{ID85030484870,
	doi = {10.1002/ece3.3429},
	url = {https://doi.org/10.1002%2Fece3.3429},
	year = 2017,
	month = {sep},
	publisher = {Wiley-Blackwell},
	volume = {7},
	number = {21},
	pages = {8788-8803},
	author = {Samuel M. Scheiner and Michael Barfield and Robert D. Holt},
	title = {The genetics of phenotypic plasticity. XV. Genetic assimilation, the Baldwin effect, and evolutionary rescue},
	journal = {Ecology and Evolution}
}