@article{ID85005925765,
	doi = {10.1002/ece3.2603},
	url = {https://doi.org/10.1002%2Fece3.2603},
	year = 2016,
	month = {nov},
	publisher = {Wiley-Blackwell},
	volume = {6},
	number = {24},
	pages = {8931-8941},
	author = {Desalegn Chala and Christian Brochmann and Achilleas Psomas and Dorothee Ehrich and Abel Gizaw and Catherine A. Masao and Vegar Bakkestuen and Niklaus E. Zimmermann},
	title = {Good-bye to tropical alpine plant giants under warmer climates? Loss of range and genetic diversity in Lobelia rhynchopetalum},
	journal = {Ecology and Evolution}
}