@article{ID85020319067,
	doi = {10.1126/sciadv.1501769},
	url = {https://doi.org/10.1126%2Fsciadv.1501769},
	year = 2016,
	month = {may},
	publisher = {American Association for the Advancement of Science ({AAAS})},
	volume = {2},
	number = {5},
	pages = {e1501769-e1501769},
	author = {A. C. Stier and J. F. Samhouri and M. Novak and K. N. Marshall and E. J. Ward and R. D. Holt and P. S. Levin},
	title = {Ecosystem context and historical contingency in apex predator recoveries},
	journal = {Science Advances}
}