@article{ID85021058655,
	doi = {10.3354/meps12184},
	url = {https://doi.org/10.3354%2Fmeps12184},
	year = 2017,
	month = {jun},
	publisher = {Inter-Research Science Center},
	volume = {573},
	pages = {45-59},
	author = {CD Hamilton and KM Kovacs and RA Ims and J Aars and H Str{\o}m and C Lydersen},
	title = {Spatial overlap among an arctic predator, prey and scavenger in the marginal ice zone},
	journal = {Marine Ecology Progress Series}
}