@article{ID85020882275,
	doi = {10.5751/ace-00953-120108},
	url = {https://doi.org/10.5751%2Face-00953-120108},
	year = 2017,
	publisher = {Resilience Alliance, Inc.},
	volume = {12},
	number = {1},
	author = {Philip D. Taylor and Tara L. Crewe and Stuart A. Mackenzie and Denis Lepage and Yves Aubry and Zoe Crysler and George Finney and Charles M. Francis and Christopher G. Guglielmo and Diana J. Hamilton and Rebecca L. Holberton and Pamela H. Loring and Greg W. Mitchell and D. Ryan Norris and Julie Paquet and Robert A. Ronconi and Jennifer R. Smetzer and Paul A. Smith and Linda J. Welch and Bradley K. Woodworth},
	title = {The motus wildlife tracking system: A collaborative research network to enhance the understanding of wildlife movement},
	journal = {Avian Conservation and Ecology}
}