@article{ID85020403043,
	doi = {10.3354/meps12036},
	url = {https://doi.org/10.3354%2Fmeps12036},
	year = 2017,
	month = {mar},
	publisher = {Inter-Research Science Center},
	volume = {567},
	pages = {139-156},
	author = {B Gaillard and T Meziane and R Tremblay and P Archambault and ME Blicher and L Chauvaud and S Rysgaard and F Olivier},
	title = {Food resources of the bivalve Astarte elliptica in a sub-Arctic fjord: A multi-biomarker approach},
	journal = {Marine Ecology Progress Series}
}