@article{ID85014855215,
	doi = {10.1093/aob/mcw224},
	url = {https://doi.org/10.1093%2Faob%2Fmcw224},
	year = 2016,
	month = {dec},
	publisher = {Oxford University Press ({OUP})},
	volume = {119},
	number = {1},
	pages = {109-116},
	author = {Zhishu Xiao and Xiangcheng Mi and Marcel Holyoak and Wenhua Xie and Ke Cao and Xifu Yang and Xiaoqun Huang and Charles J. Krebs},
	title = {Seed-predator satiation and Janzen-Connell effects vary with spatial scales for seed-feeding insects},
	journal = {Annals of Botany}
}