@article{ID85007005637,
	doi = {10.1111/1365-2435.12804},
	url = {https://doi.org/10.1111%2F1365-2435.12804},
	year = 2016,
	month = {dec},
	publisher = {Wiley-Blackwell},
	volume = {31},
	number = {4},
	pages = {821-830},
	author = {Aitor Ameztegui and Alain Paquette and Bill Shipley and Michael Heym and Christian Messier and Dominique Gravel},
	editor = {C. E. Timothy Paine},
	title = {Shade tolerance and the functional trait: demography relationship in temperate and boreal forests},
	journal = {Functional Ecology}
}