@article{ID85007355681,
	doi = {10.1111/ele.12716},
	url = {https://doi.org/10.1111%2Fele.12716},
	year = 2016,
	month = {dec},
	publisher = {Wiley-Blackwell},
	volume = {20},
	number = {2},
	pages = {135-146},
	author = {Claire Jacquet and David Mouillot and Michel Kulbicki and Dominique Gravel},
	editor = {David Storch},
	title = {Extensions of Island Biogeography Theory predict the scaling of functional trait composition with habitat area and isolation},
	journal = {Ecology Letters}
}