@article{ID85013213765,
	doi = {10.1016/j.ecolind.2016.12.001},
	url = {https://doi.org/10.1016%2Fj.ecolind.2016.12.001},
	year = 2017,
	month = {jun},
	publisher = {Elsevier {BV}},
	volume = {77},
	pages = {151-165},
	author = {Mette Vestergaard Odgaard and Katrine Grace Turner and Peder K. B{\o}cher and Jens-Christian Svenning and Tommy Dalgaard},
	title = {A multi-criteria, ecosystem-service value method used to assess catchment suitability for potential wetland reconstruction in Denmark},
	journal = {Ecological Indicators}
}