@article{ID85020478927,
	doi = {10.3354/meps12157},
	url = {https://doi.org/10.3354%2Fmeps12157},
	year = 2017,
	month = {may},
	publisher = {Inter-Research Science Center},
	volume = {572},
	pages = {1-18},
	author = {A Mäkelä and U Witte and P Archambault},
	title = {Ice algae versus phytoplankton: Resource utilization by Arctic deep sea macroinfauna revealed through isotope labelling experiments},
	journal = {Marine Ecology Progress Series}
}