@article{ID85012159201,
	doi = {10.18194/ws.00032},
	url = {https://doi.org/10.18194%2Fws.00032},
	year = 2016,
	month = {apr},
	publisher = {International Wader Study Group},
	volume = {123},
	number = {1},
	pages = {29-43},
	author = {Richard B. Lanctot and Stephen Yezerinac and Joaquin Aldabe and Juliana Bosi de Almeida and Gabriel Castresana and Stephen Brown and Pablo Rocca and Sarah T. Saalfeld and James W. Fox},
	title = {Light-level geolocation reveals migration patterns of the buff-breasted sandpiper},
	journal = {Wader Study}
}