@article{ID85008354365,
	doi = {10.1111/ecog.02974},
	url = {https://doi.org/10.1111%2Fecog.02974},
	year = 2017,
	month = {jan},
	publisher = {Wiley-Blackwell},
	volume = {40},
	number = {1},
	pages = {1-8},
	author = {Nick M. Haddad and Robert D. Holt and Robert J. Jr Fletcher and Michel Loreau and Jean Clobert},
	title = {Connecting models, data, and concepts to understand fragmentation's ecosystem-wide effects},
	journal = {Ecography}
}