@article{ID85021857605,
	doi = {10.1002/ecy.1569},
	url = {https://doi.org/10.1002%2Fecy.1569},
	year = 2016,
	month = {nov},
	publisher = {Wiley-Blackwell},
	volume = {97},
	number = {11},
	pages = {3243-3243},
	author = {K. Engemann and B. Sandel and B. Boyle and B. J. Enquist and P. M. J{\o}rgensen and J. Kattge and B. J. McGill and N. Morueta-Holme and R. K. Peet and N. J. Spencer and C. Violle and S. K. Wiser and J.-C. Svenning},
	title = {A plant growth form dataset for the New World},
	journal = {Ecology}
}