@article{ID85008467317,
	doi = {10.1111/1365-2664.12850},
	url = {https://doi.org/10.1111%2F1365-2664.12850},
	year = 2017,
	month = {jan},
	publisher = {Wiley-Blackwell},
	volume = {54},
	number = {5},
	pages = {1563-1570},
	author = {Kevin Kuhlmann Clausen and Thomas Kjaer Christensen and Ove Martin Gundersen and Jesper Madsen},
	editor = {Des Thompson},
	title = {Impact of hunting along the migration corridor of pink-footed geese Anser brachyrhynchus â€“ implications for sustainable harvest management},
	journal = {Journal of Applied Ecology}
}