@article{ID85028830650,
	doi = {10.1016/j.ygeno.2017.08.008},
	url = {https://doi.org/10.1016%2Fj.ygeno.2017.08.008},
	year = 2017,
	month = {aug},
	publisher = {Elsevier {BV}},
	author = {J. M. Pujolar and L. Dal{\'{e}}n and R. A. Olsen and M. M. Hansen and J. Madsen},
	title = {First de novo whole genome sequencing and assembly of the pink-footed goose},
	journal = {Genomics}
}