@article{ID85028531358,
	doi = {10.1371/journal.pone.0183034},
	url = {https://doi.org/10.1371%2Fjournal.pone.0183034},
	year = 2017,
	month = {aug},
	publisher = {Public Library of Science ({PLoS})},
	volume = {12},
	number = {8},
	pages = {e0183034},
	author = {Anni Mäkelä and Ursula Witte and Philippe Archambault},
	editor = {Jong Seong Khim},
	title = {Benthic macroinfaunal community structure, resource utilisation and trophic relationships in two Canadian Arctic Archipelago polynyas},
	journal = {{PLOS} {ONE}}
}