@article{ID85026909900,
	doi = {10.1007/s10530-017-1438-9},
	url = {https://doi.org/10.1007%2Fs10530-017-1438-9},
	year = 2017,
	month = {aug},
	publisher = {Springer Nature},
	author = {S. Luke Flory and Christina Alba and Keith Clay and Robert D. Holt and Erica M. Goss},
	title = {Emerging pathogens can suppress invaders and promote native species recovery},
	journal = {Biological Invasions},
	pages = {1-4}
}