@article{ID85001831585,
	doi = {10.1111/ecog.02542},
	url = {https://doi.org/10.1111%2Fecog.02542},
	year = 2016,
	month = {nov},
	publisher = {Wiley-Blackwell},
	volume = {40},
	number = {1},
	pages = {36-47},
	author = {Shawn J. Leroux and C{\'{e}}cile H. Albert and Anne-Sophie Lafuite and Bronwyn Rayfield and Shaopeng Wang and Dominique Gravel},
	title = {Structural uncertainty in models projecting the consequences of habitat loss and fragmentation on biodiversity},
	journal = {Ecography}
}