@article{ID85031489606,
	doi = {10.1111/fwb.12997},
	url = {https://doi.org/10.1111%2Ffwb.12997},
	year = 2017,
	month = {sep},
	publisher = {Wiley-Blackwell},
	author = {Sandra Brucet and Ülkü Nihan Tav{\c{s}}ano{\u{g}}lu and Arda Özen and Eti Ester Levi and Gizem Bezirci and Ay{\c{s}}e {\. {I}}dil {\c{C}}ak{\i}ro{\u{g}}lu and Erik Jeppesen and Jens-Christian Svenning and Zeynep Ersoy and Meryem Beklio{\u{g}}lu},
	title = {Size-based interactions across trophic levels in food webs of shallow Mediterranean lakes},
	journal = {Freshwater Biology},
	volume = {62},
	number = {11},
	pages = {1819-1830}
}