@article{ID85029032784,
	doi = {10.1139/cjz-2016-0040},
	url = {https://doi.org/10.1139%2Fcjz-2016-0040},
	year = 2017,
	month = {sep},
	publisher = {Canadian Science Publishing},
	volume = {95},
	number = {9},
	pages = {685-693},
	author = {Sveinn Are Hanssen and Christian Sonne and Jan Ove Bustnes and Lisbeth Schnug and Sophie Bourgeon and Manuel Ballesteros and Igor Eulaers and Truls Moum and Trond Vidar Johnsen and Mads Kjelgaard-Hansen and Dorte Herzke and Veerle L. B. Jaspers and Adrian Covaci and Marcel Eens and Duncan J. Halley and Kjell Einar Erikstad and Rolf Anker Ims},
	title = {Anti-parasite treatment and blood biochemistry in raptor nestlings},
	journal = {Canadian Journal of Zoology}
}