@article{ID85019852996,
	doi = {10.1016/j.physbeh.2017.05.024},
	url = {https://doi.org/10.1016%2Fj.physbeh.2017.05.024},
	year = 2017,
	month = {oct},
	publisher = {Elsevier {BV}},
	volume = {179},
	pages = {49-54},
	author = {Agn{\`{e}}s Lewden and Andreas Nord and Magali Petit and Fran{\c{c}}ois V{\'{e}}zina},
	title = {Body temperature responses to handling stress in wintering Black-capped Chickadees (Poecile atricapillus L.)},
	journal = {Physiology {\&} Behavior}
}