@article{ID85013329017,
	doi = {10.1007/s13280-016-0887-1},
	url = {https://doi.org/10.1007%2Fs13280-016-0887-1},
	year = 2017,
	month = {feb},
	publisher = {Springer Nature},
	volume = {46},
	number = {S2},
	pages = {262-274},
	author = {Jos{\'{e}}e Lefebvre and Gilles Gauthier and Jean-Fran{\c{c}}ois Giroux and Austin Reed and Eric T. Reed and Luc B{\'{e}}langer},
	title = {The greater snow goose Anser caerulescens atlanticus: Managing an overabundant population},
	journal = {Ambio}
}