@article{ID85031734962,
	doi = {10.1146/annurev-environ-110615-085454},
	url = {https://doi.org/10.1146%2Fannurev-environ-110615-085454},
	year = 2017,
	month = {oct},
	publisher = {Annual Reviews},
	volume = {42},
	number = {1},
	pages = {541-567},
	author = {Signe Normand and Toke T. H{\o}ye and Bruce C. Forbes and Joseph J. Bowden and Althea L. Davies and Bent V. Odgaard and Felix Riede and Jens-Christian Svenning and Urs A. Treier and Rane Willerslev and Juliane Wischnewski},
	title = {Legacies of Historical Human Activities in Arctic Woody Plant Dynamics},
	journal = {Annual Review of Environment and Resources}
}