@article{ID85011266612,
	doi = {10.1111/1365-2745.12728},
	url = {https://doi.org/10.1111%2F1365-2745.12728},
	year = 2017,
	month = {jan},
	publisher = {Wiley-Blackwell},
	volume = {105},
	number = {4},
	pages = {1010-1020},
	author = {RaphaÃ«l Aussenac and Yves Bergeron and Claudele Ghotsa Mekontchou and Dominique Gravel and Kamil Pilch and Igor Drobyshev},
	editor = {Andrew Hector},
	title = {Intraspecific variability in growth response to environmental fluctuations modulates the stabilizing effect of species diversity on forest growth},
	journal = {Journal of Ecology}
}