@article{ID85029327845,
	doi = {10.1111/ibi.12507},
	url = {https://doi.org/10.1111%2Fibi.12507},
	year = 2017,
	month = {sep},
	publisher = {Wiley-Blackwell},
	author = {J{\'{e}}r{\^{o}}me Moreau and Lucie Perroud and Lo√Øc Bollache and Glenn Yannic and Maria Teixeira and Niels Martin Schmidt and Jeroen Reneerkens and Olivier Gilg},
	title = {Discriminating uniparental and biparental breeding strategies by monitoring nest temperature},
	journal = {Ibis}
}