@article{ID85018727924,
	doi = {10.1007/s10531-017-1364-2},
	url = {https://doi.org/10.1007%2Fs10531-017-1364-2},
	year = 2017,
	month = {may},
	publisher = {Springer Nature},
	volume = {26},
	number = {10},
	pages = {2507-2515},
	author = {Christine L. Madliger and Steven J. Cooke and Oliver P. Love},
	title = {A call for more physiology at conservation conferences},
	journal = {Biodiversity and Conservation}
}