@article{ID85009193394,
	doi = {10.7589/2016-01-019},
	url = {https://doi.org/10.7589%2F2016-01-019},
	year = 2017,
	month = {jan},
	publisher = {Wildlife Disease Association},
	volume = {53},
	number = {1},
	pages = {81-90},
	author = {Jennifer R. Ballard and Randall Mickley and Samantha E. J. Gibbs and Chris Dwyer and Catherine Soos and N. Jane Harms and H. Grant Gilchrist and Jeffrey S. Hall and J. Christian Franson and G. Randy Milton and Glen Parsons and Brad Allen and Jean-Francois Giroux and St{\'{e}}phane Lair and Daniel G. Mead and John R. Fischer},
	title = {Prevalence and distribution of wellfleet bay virus exposure in the common eider (Somateria mollissima)},
	journal = {Journal of Wildlife Diseases}
}