@article{ID85008384529,
	doi = {10.1016/j.biocon.2016.05.038},
	url = {https://doi.org/10.1016%2Fj.biocon.2016.05.038},
	year = 2017,
	month = {jun},
	publisher = {Elsevier {BV}},
	volume = {210},
	pages = {3-8},
	author = {Gang Feng and Lingfeng Mao and Blas M. Benito and Nathan G. Swenson and Jens-Christian Svenning},
	title = {Historical anthropogenic footprints in the distribution of threatened plants in China},
	journal = {Biological Conservation}
}