@article{ID85003502868,
	doi = {10.1111/ecog.02537},
	url = {https://doi.org/10.1111%2Fecog.02537},
	year = 2016,
	month = {nov},
	publisher = {Wiley-Blackwell},
	volume = {40},
	number = {1},
	pages = {9-25},
	author = {Delphine Legrand and Julien Cote and Emanuel A. Fronhofer and Robert D. Holt and Oph{\'{e}}lie Ronce and Nicolas Schtickzelle and Justin M. J. Travis and Jean Clobert},
	title = {Eco-evolutionary dynamics in fragmented landscapes},
	journal = {Ecography}
}