@article{ID85013036565,
	doi = {10.1111/ele.12746},
	url = {https://doi.org/10.1111%2Fele.12746},
	year = 2017,
	month = {feb},
	publisher = {Wiley-Blackwell},
	volume = {20},
	number = {4},
	pages = {452-460},
	author = {Constantin M. Zohner and Blas M. Benito and Jason D. Fridley and Jens-Christian Svenning and Susanne S. Renner},
	editor = {Hafiz Maherali},
	title = {Spring predictability explains different leaf-out strategies in the woody floras of North America, Europe and East Asia},
	journal = {Ecology Letters}
}