@article{ID85019739099,
	doi = {10.1007/s00300-017-2126-z},
	url = {https://doi.org/10.1007%2Fs00300-017-2126-z},
	year = 2017,
	month = {may},
	publisher = {Springer Nature},
	volume = {40},
	number = {10},
	pages = {2055-2062},
	author = {Glenn Yannic and Mark J. Statham and Laure Denoyelle and Guillaume Szor and George Q. Qulaut and Benjamin N. Sacks and Nicolas Lecomte},
	title = {Investigating the ancestry of putative hybrids: are Arctic fox and red fox hybridizing?},
	journal = {Polar Biology}
}