@article{ID85020245737,
	doi = {10.2981/wlb.00239},
	url = {https://doi.org/10.2981%2Fwlb.00239},
	year = 2017,
	month = {jun},
	publisher = {Wildlife Biology},
	pages = {wlb.00239},
	author = {{\AA}shild {\O}. Pedersen and Eva Fuglei and Maria HÃ¶rnell-Willebrand and Martin Biuw and Jane U. Jepsen},
	title = {Spatial distribution of Svalbard rock ptarmigan based on a predictive multi-scale habitat model},
	journal = {Wildlife Biology},
	volume = {2017}
}