@article{ID85020470455,
	doi = {10.1111/ele.12794},
	url = {https://doi.org/10.1111%2Fele.12794},
	year = 2017,
	month = {jun},
	publisher = {Wiley-Blackwell},
	volume = {20},
	number = {8},
	pages = {969-980},
	author = {Anna M. Cserg{\H{o}} and Roberto Salguero-G{\'{o}}mez and Olivier Broennimann and Shaun R. Coutts and Antoine Guisan and Amy L. Angert and Erik Welk and Iain Stott and Brian J. Enquist and Brian McGill and Jens-Christian Svenning and Cyrille Violle and Yvonne M. Buckley},
	editor = {Jessica Gurevitch},
	title = {Less favourable climates constrain demographic strategies in plants},
	journal = {Ecology Letters}
}