@article{ID85006295319,
	doi = {10.1111/1365-2435.12666},
	url = {https://doi.org/10.1111%2F1365-2435.12666},
	year = 2016,
	month = {may},
	publisher = {Wiley-Blackwell},
	volume = {30},
	number = {12},
	pages = {1894-1903},
	author = {Ignasi Bartomeus and Dominique Gravel and Jason M. Tylianakis and Marcelo A. Aizen and Ian A. Dickie and Maud Bernard-Verdier},
	editor = {Timoth{\'{e}}e Poisot},
	title = {A common framework for identifying linkage rules across different types of interactions},
	journal = {Functional Ecology}
}