@article{ID85014821856,
	doi = {10.3390/rs8090697},
	url = {https://doi.org/10.3390%2Frs8090697},
	year = 2016,
	month = {aug},
	publisher = {{MDPI} {AG}},
	volume = {8},
	number = {9},
	pages = {697},
	author = {Yannick Duguay and Monique Bernier and Esther L{\'{e}}vesque and Florent Domine},
	title = {Land cover classification in subarctic regions using fully polarimetric RADARSAT-2 data},
	journal = {Remote Sensing}
}