@article{ID85008237786,
	doi = {10.5751/es-08873-210412},
	url = {https://doi.org/10.5751%2Fes-08873-210412},
	year = 2016,
	publisher = {Resilience Alliance, Inc.},
	volume = {21},
	number = {4},
	author = {Samuel A. Iverson and Mark R. Forbes and Manon Simard and Catherine Soos and H. Grant Gilchrist},
	title = {Avian cholera emergence in arctic-nesting northern Common Eiders: Using community-based, participatory surveillance to delineate disease outbreak patterns and predict transmission risk},
	journal = {Ecology and Society}
}