@article{ID85031745304,
	doi = {10.1146/annurev-environ-102016-060653},
	url = {https://doi.org/10.1146%2Fannurev-environ-102016-060653},
	year = 2017,
	month = {oct},
	publisher = {Annual Reviews},
	volume = {42},
	number = {1},
	pages = {27-54},
	author = {Colin Hoag and Jens-Christian Svenning},
	title = {African Environmental Change from the Pleistocene to the Anthropocene},
	journal = {Annual Review of Environment and Resources}
}