@article{ID85020009620,
	doi = {10.1021/acs.est.7b00289},
	url = {https://doi.org/10.1021%2Facs.est.7b00289},
	year = 2017,
	month = {mar},
	publisher = {American Chemical Society ({ACS})},
	volume = {51},
	number = {8},
	pages = {4673-4680},
	author = {Christian Sonne and Peter A. Torjesen and Eva Fuglei and Derek C. G. Muir and Bj{\o}rn Munro Jenssen and Even H. J{\o}rgensen and Rune Dietz and {\O}ystein Ahlstr{\o}m},
	title = {Exposure to Persistent Organic Pollutants Reduces Testosterone Concentrations and Affects Sperm Viability and Morphology during the Mating Peak Period in a Controlled Experiment on Farmed Arctic Foxes (Vulpes lagopus)},
	journal = {Environmental Science {\&} Technology}
}