@article{ID85010301120,
	doi = {10.1007/s13280-016-0863-9},
	url = {https://doi.org/10.1007%2Fs13280-016-0863-9},
	year = 2017,
	month = {jan},
	publisher = {Springer Nature},
	volume = {46},
	number = {S1},
	pages = {26-38},
	author = {Magnus Lund and Katrine Raundrup and Andreas Westergaard-Nielsen and Efr{\'{e}}n L{\'{o}}pez-Blanco and Josephine Nymand and Peter Aastrup},
	title = {Larval outbreaks in West Greenland: Instant and subsequent effects on tundra ecosystem productivity and CO<inf>2</inf> exchange},
	journal = {Ambio}
}