@article{ID85027945667,
	doi = {10.1111/gcb.13251},
	url = {https://doi.org/10.1111%2Fgcb.13251},
	year = 2016,
	month = {may},
	publisher = {Wiley-Blackwell},
	volume = {22},
	number = {8},
	pages = {2651-2664},
	author = {Damaris Zurell and Wilfried Thuiller and Jörn Pagel and Juliano S. Cabral and Tamara Münkemüller and Dominique Gravel and Stefan Dullinger and Signe Normand and Katja H. Schiffers and Kara A. Moore and Niklaus E. Zimmermann},
	title = {Benchmarking novel approaches for modelling species range dynamics},
	journal = {Global Change Biology}
}