@article{ID85017187642,
	doi = {10.1007/s00300-017-2116-1},
	url = {https://doi.org/10.1007%2Fs00300-017-2116-1},
	year = 2017,
	month = {apr},
	publisher = {Springer Nature},
	volume = {40},
	number = {10},
	pages = {2113-2118},
	author = {Fredrik Dalerum and Love Dal{\'{e}}n and Christina Fröjd and Nicolas Lecomte and {\AA}sa Lindgren and Tomas Meijer and Patricia Pecnerova and Anders Angerbjörn},
	title = {Spatial variation in Arctic hare (Lepus arcticus) populations around the Hall Basin},
	journal = {Polar Biology}
}