@article{ID85019184374,
	doi = {10.1371/journal.pone.0177431},
	url = {https://doi.org/10.1371%2Fjournal.pone.0177431},
	year = 2017,
	month = {may},
	publisher = {Public Library of Science ({PLoS})},
	volume = {12},
	number = {5},
	pages = {e0177431},
	author = {Anke MÃ¼ller and Maria Dahm and Peder Klith B{\o}cher and Meredith Root-Bernstein and Jens-Christian Svenning},
	editor = {Mark S. Boyce},
	title = {Large herbivores in novel ecosystems - Habitat selection by red deer (Cervus elaphus) in a former brown-coal mining area},
	journal = {{PLOS} {ONE}}
}