@article{ID85017112492,
	doi = {10.1086/691337},
	url = {https://doi.org/10.1086%2F691337},
	year = 2017,
	month = {may},
	publisher = {University of Chicago Press},
	volume = {90},
	number = {3},
	pages = {370-382},
	author = {Dominique Fauteux and Gilles Gauthier and Dominique Berteaux and Curtis Bosson and Rupert Palme and Rudy Boonstra},
	title = {Assessing stress in arctic lemmings: Fecal metabolite levels reflect plasma free corticosterone levels},
	journal = {Physiological and Biochemical Zoology}
}