@article{ID85019038936,
	doi = {10.1111/gcb.13715},
	url = {https://doi.org/10.1111%2Fgcb.13715},
	year = 2017,
	month = {may},
	publisher = {Wiley-Blackwell},
	volume = {23},
	number = {9},
	pages = {3770-3780},
	author = {S{\'{e}}bastien Descamps and Tycho Anker-Nilssen and Robert T. Barrett and David B. Irons and Flemming Merkel and Gregory J. Robertson and Nigel G. Yoccoz and Mark L. Mallory and William A. Montevecchi and David Boertmann and Yuri Artukhin and Signe Christensen-Dalsgaard and Kjell-Einar Erikstad and H. Grant Gilchrist and Aili L. Labansen and Svein-H{\aa}kon Lorentsen and Anders Mosbech and Bergur Olsen and Aevar Petersen and Jean-Francois Rail and Heather M. Renner and Hallvard Str{\o}m and Geir H. Systad and Sabina I. Wilhelm and Larisa Zelenskaya},
	title = {Circumpolar dynamics of a marine top-predator track ocean warming rates},
	journal = {Global Change Biology}
}