@article{ID85021767754,
	doi = {10.1002/2017ef000553},
	url = {https://doi.org/10.1002%2F2017ef000553},
	year = 2017,
	month = {jul},
	publisher = {Wiley-Blackwell},
	volume = {5},
	number = {7},
	pages = {650-654},
	author = {Niels Martin Schmidt and Torben R. Christensen and Tomas Roslin},
	title = {A high arctic experience of uniting research and monitoring},
	journal = {Earth{\textquotesingle}s Future}
}