@article{ID85010300654,
	doi = {10.1038/nplants.2016.220},
	url = {https://doi.org/10.1038%2Fnplants.2016.220},
	year = 2017,
	month = {jan},
	publisher = {Springer Nature},
	volume = {3},
	pages = {16220},
	author = {Rodrigo C{\'{a}}mara-Leret and S{\o}ren Faurby and Manuel J. Mac{\'{\i}}a and Henrik Balslev and Bastian GÃ¶ldel and Jens-Christian Svenning and W. Daniel Kissling and Nina R{\o}nsted and C. Haris Saslis-Lagoudakis},
	title = {Fundamental species traits explain provisioning services of tropical American palms},
	journal = {Nature Plants}
}