@article{ID85000613387,
	doi = {10.1038/nature20563},
	url = {https://doi.org/10.1038%2Fnature20563},
	year = 2016,
	month = {nov},
	publisher = {Springer Nature},
	volume = {540},
	number = {7631},
	pages = {109-113},
	author = {Martin Bulla and Mihai Valcu and Adriaan M. Dokter and Alexei G. Dondua and Andr{\'{a}}s Kosztol{\'{a}}nyi and Anne L. Rutten and Barbara Helm and Brett K. Sandercock and Bruce Casler and Bruno J. Ens and Caleb S. Spiegel and Chris J. Hassell and Clemens Küpper and Clive Minton and Daniel Burgas and David B. Lank and David C. Payer and Egor Y. Loktionov and Erica Nol and Eunbi Kwon and Fletcher Smith and H. River Gates and Hana Vitnerov{\'{a}} and Hanna Prüter and James A. Johnson and James J. H. St Clair and Jean-Fran{\c{c}}ois Lamarre and Jennie Rausch and Jeroen Reneerkens and Jesse R. Conklin and Joanna Burger and Joe Liebezeit and Joël B{\^{e}}ty and Jonathan T. Coleman and Jordi Figuerola and Jos C. E. W. Hooijmeijer and Jos{\'{e}} A. Alves and Joseph A. M. Smith and Karel Weidinger and Kari Koivula and Ken Gosbell and Klaus-Michael Exo and Larry Niles and Laura Koloski and Laura McKinnon and Libor Praus and Marcel Klaassen and Marie-Andr{\'{e}}e Giroux and Martin Sl{\'{a}}de{\v{c}}ek and Megan L. Boldenow and Michael I. Goldstein and Miroslav {\v{S}}{\'{a}}lek and Nathan Senner and Nelli Rönkä and Nicolas Lecomte and Olivier Gilg and Orsolya Vincze and Oscar W. Johnson and Paul A. Smith and Paul F. Woodard and Pavel S. Tomkovich and Phil F. Battley and Rebecca Bentzen and Richard B. Lanctot and Ron Porter and Sarah T. Saalfeld and Scott Freeman and Stephen C. Brown and Stephen Yezerinac and Tam{\'{a}}s Sz{\'{e}}kely and Tom{\'{a}}s Montalvo and Theunis Piersma and Vanessa Loverti and Veli-Matti Pakanen and Wim Tijsen and Bart Kempenaers},
	title = {Unexpected diversity in socially synchronized rhythms of shorebirds},
	journal = {Nature}
}