@article{ID85019163830,
	doi = {10.1093/biolinnean/blw020},
	url = {https://doi.org/10.1093%2Fbiolinnean%2Fblw020},
	year = 2017,
	month = {feb},
	publisher = {Oxford University Press ({OUP})},
	volume = {121},
	number = {1},
	pages = {1-14},
	author = {Vendela K. Lagerholm and Karin Nor{\'{e}}n and Dorothee Ehrich and Rolf A. Ims and Siw T. Killengreen and Natalia I. Abramson and Jukka Niemimaa and Anders Angerbj√∂rn and Heikki Henttonen and Love Dal{\'{e}}n},
	title = {Run to the hills: Gene flow among mountain areas leads to low genetic differentiation in the Norwegian lemming},
	journal = {Biological Journal of the Linnean Society}
}