@article{ID85024406242,
	doi = {10.1111/geb.12613},
	url = {https://doi.org/10.1111%2Fgeb.12613},
	year = 2017,
	month = {jul},
	publisher = {Wiley-Blackwell},
	volume = {26},
	number = {9},
	pages = {1035-1042},
	author = {Gang Feng and Ziyu Ma and Blas M. Benito and Signe Normand and Alejandro Ordonez and Yi Jin and Lingfeng Mao and Jens-Christian Svenning},
	title = {Phylogenetic age differences in tree assemblages across the Northern Hemisphere increase with long-term climate stability in unstable regions},
	journal = {Global Ecology and Biogeography}
}