@article{ID85010380084,
	doi = {10.1007/s13280-016-0864-8},
	url = {https://doi.org/10.1007%2Fs13280-016-0864-8},
	year = 2017,
	month = {jan},
	publisher = {Springer Nature},
	volume = {46},
	number = {S1},
	pages = {39-52},
	author = {Andreas Westergaard-Nielsen and Magnus Lund and Stine H{\o}jlund Pedersen and Niels Martin Schmidt and Stephen Klosterman and Jakob Abermann and Birger Ulf Hansen},
	title = {Transitions in high-Arctic vegetation growth patterns and ecosystem productivity tracked with automated cameras from 2000 to 2013},
	journal = {Ambio}
}