@article{ID85028857685,
	doi = {10.1111/gcb.13837},
	url = {https://doi.org/10.1111%2Fgcb.13837},
	year = 2017,
	month = {sep},
	publisher = {Wiley-Blackwell},
	author = {Helen C. Wheeler and Toke T. H{\o}ye and Jens-Christian Svenning},
	title = {Wildlife species benefitting from a greener Arctic are most sensitive to shrub cover at leading range edges},
	journal = {Global Change Biology}
}