@article{ID85028514354,
	doi = {10.1016/j.foreco.2017.08.024},
	url = {https://doi.org/10.1016%2Fj.foreco.2017.08.024},
	year = 2017,
	month = {nov},
	publisher = {Elsevier {BV}},
	volume = {404},
	pages = {141-155},
	author = {Maude To√Øgo and Fr{\'{e}}d{\'{e}}ric Barraquand and Jean-Yves Barnagaud and Dominique Piou and Herv{\'{e}} Jactel},
	title = {Geographical variation in climatic drivers of the pine processionary moth population dynamics},
	journal = {Forest Ecology and Management}
}