@article{ID85010634261,
	doi = {10.1111/geb.12559},
	url = {https://doi.org/10.1111%2Fgeb.12559},
	year = 2017,
	month = {jan},
	publisher = {Wiley-Blackwell},
	volume = {26},
	number = {5},
	pages = {553-562},
	author = {Nathan G. Swenson and Michael D. Weiser and Lingfeng Mao and Miguel B. Ara{\'{u}}jo and Jos{\'{e}} Alexandre F. Diniz-Filho and Johannes Kollmann and David Nogu{\'{e}}s-Bravo and Signe Normand and Miguel A. Rodr{\'{\i}}guez and Ra{\'{u}}l Garc{\'{\i}}a-Vald{\'{e}}s and Fernando Valladares and Miguel A. Zavala and Jens-Christian Svenning},
	title = {Phylogeny and the prediction of tree functional diversity across novel continental settings},
	journal = {Global Ecology and Biogeography}
}