@article{ID85019853267,
	doi = {10.1016/j.ecolind.2017.05.044},
	url = {https://doi.org/10.1016%2Fj.ecolind.2017.05.044},
	year = 2017,
	month = {sep},
	publisher = {Elsevier {BV}},
	volume = {80},
	pages = {242-246},
	author = {Kevin Kuhlmann Clausen and Thomas Eske Holm and Lars Haugaard and Jesper Madsen},
	title = {Crippling ratio: A novel approach to assess hunting-induced wounding of wild animals},
	journal = {Ecological Indicators}
}