@article{ID85013028655,
	doi = {10.1007/s00442-017-3836-1},
	url = {https://doi.org/10.1007%2Fs00442-017-3836-1},
	year = 2017,
	month = {feb},
	publisher = {Springer Nature},
	volume = {183},
	number = {4},
	pages = {987-996},
	author = {Christopher M. Harris and Christine L. Madliger and Oliver P. Love},
	title = {An evaluation of feather corticosterone as a biomarker of fitness and an ecologically relevant stressor during breeding in the wild},
	journal = {Oecologia}
}