@article{ID85014600196,
	doi = {10.1186/s12915-017-0356-8},
	url = {https://doi.org/10.1186%2Fs12915-017-0356-8},
	year = 2017,
	month = {mar},
	publisher = {Springer Nature},
	volume = {15},
	number = {1},
	author = {Marc S. M. Sosef and Gilles Dauby and Anne Blach-Overgaard and Xander van der Burgt and Lu{\'{\i}}s Catarino and Theo Damen and Vincent Deblauwe and Steven Dessein and John Dransfield and Vincent Droissart and Maria Cristina Duarte and Henry Engledow and Geoffrey Fadeur and Rui Figueira and Roy E. Gereau and Olivier J. Hardy and David J. Harris and Janneke de Heij and Steven Janssens and Yannick Klomberg and Alexandra C. Ley and Barbara A. Mackinder and Pierre Meerts and Jeike L. van de Poel and Bonaventure Sonk{\'{e}} and Tariq St{\'{e}}vart and Piet Stoffelen and Jens-Christian Svenning and Pierre Sepulchre and Rainer Zaiss and Jan J. Wieringa and Thomas L. P. Couvreur},
	title = {Exploring the floristic diversity of tropical Africa},
	journal = {{BMC} Biology}
}