@article{ID85031492408,
	doi = {10.1111/jbi.13091},
	url = {https://doi.org/10.1111%2Fjbi.13091},
	year = 2017,
	month = {oct},
	publisher = {Wiley-Blackwell},
	author = {Ben G. Holt and Gabriel C. Costa and Caterina Penone and Jean-Philippe Lessard and Thomas M. Brooks and Ana D. Davidson and S. Blair Hedges and Volker C. Radeloff and Carsten Rahbek and Carlo Rondinini and Catherine H. Graham},
	title = {Environmental variation is a major predictor of global trait turnover in mammals},
	journal = {Journal of Biogeography}
}