@article{ID85017341337,
	doi = {10.1002/ece3.2898},
	url = {https://doi.org/10.1002%2Fece3.2898},
	year = 2017,
	month = {apr},
	publisher = {Wiley-Blackwell},
	volume = {7},
	number = {9},
	pages = {3243-3256},
	author = {David B. Lank and Cailin Xu and Brian A. Harrington and Richard I. Guy Morrison and Cheri L. Gratto-Trevor and Peter W. Hicklin and Brett K. Sandercock and Paul Allen Smith and Eunbi Kwon and Jennie Rausch and Lisa D. Pirie Dominix and Diana J. Hamilton and Julie Paquet and Sydney E. Bliss and Sarah G. Neima and Christian Friis and Scott A. Flemming and Alexandra M. Anderson and Ronald C. Ydenberg},
	title = {Long-term continental changes in wing length, but not bill length, of a long-distance migratory shorebird},
	journal = {Ecology and Evolution}
}