@article{ID85030655453,
	doi = {10.1111/brv.12374},
	url = {https://doi.org/10.1111%2Fbrv.12374},
	year = 2017,
	month = {oct},
	publisher = {Wiley-Blackwell},
	author = {Mauro Galetti and Marcos Mole{\'{o}}n and Pedro Jordano and Mathias M. Pires and Paulo R. Guimar{\~{a}}es and Thomas Pape and Elizabeth Nichols and Dennis Hansen and Jens M. Olesen and Michael Munk and Jacqueline S. de Mattos and Andreas H. Schweiger and Norman Owen-Smith and Christopher N. Johnson and Robert J. Marquis and Jens-Christian Svenning},
	title = {Ecological and evolutionary legacy of megafauna extinctions},
	journal = {Biological Reviews}
}