@article{ID85021270001,
	doi = {10.1111/ele.12789},
	url = {https://doi.org/10.1111%2Fele.12789},
	year = 2017,
	month = {jun},
	publisher = {Wiley-Blackwell},
	volume = {20},
	number = {8},
	pages = {1074-1092},
	author = {Fr{\'{e}}d{\'{e}}ric Barraquand and Stilianos Louca and Karen C. Abbott and Christina A. Cobbold and Flora Cordoleani and Donald L. DeAngelis and Bret D. Elderd and Jeremy W. Fox and Priscilla Greenwood and Frank M. Hilker and Dennis L. Murray and Christopher R. Stieha and Rachel A. Taylor and Kelsey Vitense and Gail S. K. Wolkowicz and Rebecca C. Tyson},
	editor = {Bernd Blasius},
	title = {Moving forward in circles: challenges and opportunities in modelling population cycles},
	journal = {Ecology Letters}
}