@article{ID85012068022,
	doi = {10.1111/gcb.13619},
	url = {https://doi.org/10.1111%2Fgcb.13619},
	year = 2017,
	month = {feb},
	publisher = {Wiley-Blackwell},
	volume = {23},
	number = {7},
	pages = {2660-2671},
	author = {Janet Prev{\'{e}}y and Mark Vellend and Nadja Rüger and Robert D. Hollister and Anne D. Bjorkman and Isla H. Myers-Smith and Sarah C. Elmendorf and Karin Clark and Elisabeth J. Cooper and Bo Elberling and Anna M. Fosaa and Gregory H. R. Henry and Toke T. H{\o}ye and Ingibjörg S. J{\'{o}}nsd{\'{o}}ttir and Kari Klanderud and Esther L{\'{e}}vesque and Marguerite Mauritz and Ulf Molau and Susan M. Natali and Steven F. Oberbauer and Zoe A. Panchen and Eric Post and Sabine B. Rumpf and Niels M. Schmidt and Edward A. G. Schuur and Phillip R. Semenchuk and Tiffany Troxler and Jeffrey M. Welker and Christian Rixen},
	title = {Greater temperature sensitivity of plant phenology at colder sites: implications for convergence across northern latitudes},
	journal = {Global Change Biology}
}