@article{ID85019412374,
	doi = {10.1111/jav.01257},
	url = {https://doi.org/10.1111%2Fjav.01257},
	year = 2017,
	month = {may},
	publisher = {Wiley-Blackwell},
	volume = {48},
	number = {6},
	pages = {759-769},
	author = {Audrey Robillard and Gilles Gauthier and Jean-Fran{\c{c}}ois Therrien and Guy Fitzgerald and Jennifer F. Provencher and JoÃ«l B{\^{e}}ty},
	title = {Variability in stable isotopes of snowy owl feathers and contribution of marine resources to their winter diet},
	journal = {Journal of Avian Biology}
}