@article{ID85000799321,
	doi = {10.1016/j.scitotenv.2016.09.130},
	url = {https://doi.org/10.1016%2Fj.scitotenv.2016.09.130},
	year = 2017,
	month = {jan},
	publisher = {Elsevier {BV}},
	volume = {575},
	pages = {849-857},
	author = {JF Provencher and MR Forbes and ML Mallory and S Wilson and HG Gilchrist},
	title = {Anti-parasite treatment, but not mercury burdens, influence nesting propensity dependent on arrival time or body condition in a marine bird},
	journal = {Science of The Total Environment}
}