@article{ID85027943002,
	doi = {10.1007/s12526-011-0092-1},
	url = {https://doi.org/10.1007%2Fs12526-011-0092-1},
	year = 2011,
	month = {apr},
	publisher = {Springer Nature},
	volume = {42},
	number = {1},
	pages = {55-63},
	author = {Fr{\'{e}}d{\'{e}}ric Olivier and Cindy Grant and Guillermo San Mart{\'{\i}}n and Philippe Archambault and Christopher W. McKindsey},
	title = {Syllidae (Annelida: Polychaeta: Phyllodocida) from the Chausey Archipelago (English Channel, France), with a description of two new species of the Exogoninae Prosphaerosyllis},
	journal = {Marine Biodiversity}
}