@article{ID85008259040,
	doi = {10.1111/2041-210x.12695},
	url = {https://doi.org/10.1111%2F2041-210x.12695},
	year = 2016,
	month = {dec},
	publisher = {Wiley-Blackwell},
	volume = {8},
	number = {4},
	pages = {492-500},
	author = {Jeltje Jouta and Maurine W. Dietz and Jeroen Reneerkens and Theunis Piersma and Eldar Rakhimberdiev and Gunnar T. Hallgr{\'{\i}}msson and Ido Pen},
	editor = {Robert Freckleton},
	title = {Ecological forensics: using single point stable isotope values to infer seasonal schedules of animals after two diet switches},
	journal = {Methods in Ecology and Evolution}
}