@article{ID85009964778,
	doi = {10.1016/j.envres.2017.01.017},
	url = {https://doi.org/10.1016%2Fj.envres.2017.01.017},
	year = 2017,
	month = {apr},
	publisher = {Elsevier {BV}},
	volume = {154},
	pages = {284-290},
	author = {Tonje W. Rogstad and Christian Sonne and Gro D. Villanger and {\O}ystein Ahlst{\o}m and Eva Fuglei and Derek C. G. Muir and Even J{\o}rgensen and Bj{\o}rn Munro Jenssen},
	title = {Concentrations of vitamin A, E, thyroid and testosterone hormones in blood plasma and tissues from emaciated adult male Arctic foxes (Vulpes lagopus) dietary exposed to persistent organic pollutants (POPs)},
	journal = {Environmental Research}
}