@article{ID85032188492,
	doi = {10.1002/ece3.3496},
	url = {https://doi.org/10.1002%2Fece3.3496},
	year = 2017,
	month = {oct},
	publisher = {Wiley-Blackwell},
	author = {Jacob Nabe-Nielsen and Signe Normand and Francis K. C. Hui and Laerke Stewart and Christian Bay and Louise I. Nabe-Nielsen and Niels Martin Schmidt},
	title = {Plant community composition and species richness in the High Arctic tundra: From the present to the future},
	journal = {Ecology and Evolution}
}