@article{ID85019890876,
	doi = {10.1002/ecs2.1788},
	url = {https://doi.org/10.1002%2Fecs2.1788},
	year = 2017,
	month = {may},
	publisher = {Wiley-Blackwell},
	volume = {8},
	number = {5},
	pages = {e01788},
	author = {Jean-Fran{\c{c}}ois Lamarre and Pierre Legagneux and Gilles Gauthier and Eric T. Reed and JoÃ«l B{\^{e}}ty},
	title = {Predator-mediated negative effects of overabundant snow geese on arctic-nesting shorebirds},
	journal = {Ecosphere}
}