@article{ID85008419674,
	doi = {10.1111/ecog.02607},
	url = {https://doi.org/10.1111%2Fecog.02607},
	year = 2016,
	month = {dec},
	publisher = {Wiley-Blackwell},
	volume = {40},
	number = {1},
	pages = {119-130},
	author = {C. D. Collins and C. Banks-Leite and L. A. Brudvig and B. L. Foster and W. M. Cook and E. I. Damschen and A. Andrade and M. Austin and J. L. Camargo and D. A. Driscoll and R. D. Holt and W. F. Laurance and A. O. Nicholls and J. L. Orrock},
	title = {Fragmentation affects plant community composition over time},
	journal = {Ecography}
}