@article{ID85032744516,
	doi = {10.1642/auk-17-107.1},
	url = {https://doi.org/10.1642%2Fauk-17-107.1},
	year = 2017,
	month = {nov},
	publisher = {American Ornithologists{\textquotesingle} Union},
	volume = {135},
	number = {1},
	pages = {29-43},
	author = {Emily L. Weiser and Richard B. Lanctot and Stephen C. Brown and H. River Gates and Rebecca L. Bentzen and JoÃ«l B{\^{e}}ty and Megan L. Boldenow and Willow B. English and Samantha E. Franks and Laura Koloski and Eunbi Kwon and Jean-Fran{\c{c}}ois Lamarre and David B. Lank and Joseph R. Liebezeit and Laura McKinnon and Erica Nol and Jennie Rausch and Sarah T. Saalfeld and Nathan R. Senner and David H. Ward and Paul F. Woodard and Brett K. Sandercock},
	title = {Environmental and ecological conditions at Arctic breeding sites have limited effects on true survival rates of adult shorebirds},
	journal = {The Auk}
}