@article{ID85031738060,
	doi = {10.1002/ece3.3404},
	url = {https://doi.org/10.1002%2Fece3.3404},
	year = 2017,
	month = {sep},
	publisher = {Wiley-Blackwell},
	volume = {7},
	number = {20},
	pages = {8588-8598},
	author = {Kari M. Kaunisto and Tomas Roslin and Ilari E. Sääksjärvi and Eero J. Vesterinen},
	title = {Pellets of proof: First glimpse of the dietary composition of adult odonates as revealed by metabarcoding of feces},
	journal = {Ecology and Evolution}
}