@article{ID85011064758,
	doi = {10.1139/cjfr-2016-0214},
	url = {https://doi.org/10.1139%2Fcjfr-2016-0214},
	year = 2017,
	month = {feb},
	publisher = {Canadian Science Publishing},
	volume = {47},
	number = {2},
	pages = {257-268},
	author = {Am{\'{e}}lie Rivet and Serge Payette and Dominique Berteaux and Fran{\c{c}}ois Girard},
	title = {Pines and porcupines: A tree-ring analysis of browsing and dynamics of an overmature pine forest},
	journal = {Canadian Journal of Forest Research}
}