@article{ID85008517968,
	doi = {10.1007/s00442-016-3797-9},
	url = {https://doi.org/10.1007%2Fs00442-016-3797-9},
	year = 2017,
	month = {jan},
	publisher = {Springer Nature},
	volume = {183},
	number = {3},
	pages = {653-666},
	author = {Vincent Lamarre and Alastair Franke and Oliver P. Love and Pierre Legagneux and JoÃ«l B{\^{e}}ty},
	title = {Linking pre-laying energy allocation and timing of breeding in a migratory arctic raptor},
	journal = {Oecologia}
}