@article{ID85026789358,
	doi = {10.3897/natureconservation.19.12877},
	url = {https://doi.org/10.3897%2Fnatureconservation.19.12877},
	year = 2017,
	month = {jul},
	publisher = {Pensoft Publishers},
	volume = {19},
	pages = {171-189},
	author = {Matti Landvik and Andreia Miraldo and Pekka Niemel√§ and Uldis Valainis and Raimonds Cibu{\c{l}}skis and Tomas Roslin},
	title = {Evidence for geographic substructuring of mtDNA variation in the East European Hermit beetle (Osmoderma barnabita)},
	journal = {Nature Conservation}
}