@article{ID85019891218,
	doi = {10.5735/086.054.0114},
	url = {https://doi.org/10.5735%2F086.054.0114},
	year = 2017,
	month = {apr},
	publisher = {Finnish Zoological and Botanical Publishing Board},
	volume = {54},
	number = {1-4},
	pages = {153-162},
	author = {Heikki Henttonen and Olivier Gilg and Rolf A. Ims and Erkki Korpim√§ki and Nigel G. Yoccoz},
	title = {Ilkka hanski and small mammals: From shrew metapopulations to vole and lemming cycles},
	journal = {Annales Zoologici Fennici}
}