@article{ID85027282794,
	doi = {10.1016/j.biocon.2016.08.022},
	url = {https://doi.org/10.1016%2Fj.biocon.2016.08.022},
	year = 2017,
	month = {sep},
	publisher = {Elsevier {BV}},
	volume = {213},
	pages = {351-356},
	author = {Barnabas H. Daru and Ben G. Holt and Jean-Philippe Lessard and Kowiyou Yessoufou and T. Jonathan Davies},
	title = {Phylogenetic regionalization of marine plants reveals close evolutionary affinities among disjunct temperate assemblages},
	journal = {Biological Conservation}
}