@article{ID85017563996,
	doi = {10.1186/s40462-016-0077-6},
	url = {https://doi.org/10.1186%2Fs40462-016-0077-6},
	year = 2016,
	month = {apr},
	publisher = {Springer Nature},
	volume = {4},
	number = {1},
	author = {Emily L. Weiser and Richard B. Lanctot and Stephen C. Brown and Jos{\'{e}} A. Alves and Phil F. Battley and Rebecca Bentzen and Joël B{\^{e}}ty and Mary Anne Bishop and Megan Boldenow and Loïc Bollache and Bruce Casler and Maureen Christie and Jonathan T. Coleman and Jesse R. Conklin and Willow B. English and H. River Gates and Olivier Gilg and Marie-Andr{\'{e}}e Giroux and Ken Gosbell and Chris Hassell and Jim Helmericks and Andrew Johnson and Borgn{\'{y}} Katr{\'{\i}}nard{\'{o}}ttir and Kari Koivula and Eunbi Kwon and Jean-Francois Lamarre and Johannes Lang and David B. Lank and Nicolas Lecomte and Joe Liebezeit and Vanessa Loverti and Laura McKinnon and Clive Minton and David Mizrahi and Erica Nol and Veli-Matti Pakanen and Johanna Perz and Ron Porter and Jennie Rausch and Jeroen Reneerkens and Nelli Rönkä and Sarah Saalfeld and Nathan Senner and Beno{\^{\i}}t Sittler and Paul A. Smith and Kristine Sowl and Audrey Taylor and David H. Ward and Stephen Yezerinac and Brett K. Sandercock},
	title = {Effects of geolocators on hatching success, return rates, breeding movements, and change in body mass in 16 species of Arctic-breeding shorebirds},
	journal = {Movement Ecology}
}