@article{ID85028361495,
	doi = {10.1657/aaar0016-041},
	url = {https://doi.org/10.1657%2Faaar0016-041},
	year = 2017,
	month = {aug},
	publisher = {Institute of Arctic and Alpine Research ({INSTAAR})},
	volume = {49},
	number = {3},
	pages = {359-371},
	author = {Sigrid S. Nielsen and Georg von Arx and Christian F. Damgaard and Jakob Abermann and Agata Buchwal and Ulf BÃ¼ntgen and Urs A. Treier and Anders S. Barfod and Signe Normand},
	title = {Xylem Anatomical Trait Variability Provides Insight on the Climate-Growth Relationship of Betula nana in Western Greenland},
	journal = {Arctic, Antarctic, and Alpine Research}
}