@incollection{ID85010715668,
	doi = {10.1016/bs.aecr.2016.10.004},
	url = {https://doi.org/10.1016%2Fbs.aecr.2016.10.004},
	year = 2017,
	publisher = {Elsevier},
	pages = {183-262},
	author = {F. Massol and M. Dubart and V. Calcagno and K. Cazelles and C. Jacquet and S. K{\'{e}}fi and D. Gravel},
	title = {Island Biogeography of Food Webs},
	booktitle = {Networks of Invasion: A Synthesis of Concepts},
	journal = {Advances in Ecological Research}
}