@article{ID85010341427,
	doi = {10.1007/s13280-016-0871-9},
	url = {https://doi.org/10.1007%2Fs13280-016-0871-9},
	year = 2017,
	month = {jan},
	publisher = {Springer Nature},
	volume = {46},
	number = {S1},
	pages = {174-177},
	author = {Torben R. Christensen and Elmer Topp-J{\o}rgensen and Mikael K. Sejr and Niels Martin Schmidt},
	title = {Postscript: The future of the Greenland Ecosystem Monitoring programme},
	journal = {Ambio}
}