@article{ID85015358884,
	doi = {10.4319/lom.2005.3.372},
	url = {https://doi.org/10.4319%2Flom.2005.3.372},
	year = 2005,
	month = {aug},
	publisher = {Wiley-Blackwell},
	volume = {3},
	number = {8},
	pages = {372-380},
	author = {Suzanne C. Dufour and Gaston Desrosiers and Bernard Long and Patrick Lajeunesse and Marie Gagnoud and Jacques Labrie and Philippe Archambault and Georges Stora},
	title = {A new method for three-dimensional visualization and quantification of biogenic structures in aquatic sediments using axial tomodensitometry},
	journal = {Limnology and Oceanography: Methods}
}