@article{ID85026766774,
	doi = {10.1111/ddi.12592},
	url = {https://doi.org/10.1111%2Fddi.12592},
	year = 2017,
	month = {aug},
	publisher = {Wiley-Blackwell},
	volume = {23},
	number = {9},
	pages = {969-981},
	author = {Viktoria Wagner and Milan Chytr{\'{y}} and Borja Jim{\'{e}}nez-Alfaro and Jan Pergl and Stephan Hennekens and Idoia Biurrun and Ilona Knollov{\'{a}} and Christian Berg and Kiril Vassilev and John S. Rodwell and {\v{Z}}eljko {\v{S}}kvorc and Ute Jandt and Jörg Ewald and Florian Jansen and Ioannis Tsiripidis and Zolt{\'{a}}n Botta-Duk{\'{a}}t and Laura Casella and Fabio Attorre and Valerijus Ra{\v{s}}omavi{\v{c}}ius and Renata {\'{C}}u{\v{s}}terevska and Joop H. J. Schamin{\'{e}}e and Jörg Brunet and Jonathan Lenoir and Jens-Christian Svenning and Zygmunt K{\k{a}}cki and M{\'{a}}ria Petr{\'{a}}{\v{s}}ov{\'{a}}-{\v{S}}ib{\'{\i}}kov{\'{a}} and Urban {\v{S}}ilc and Itziar Garc{\'{\i}}a-Mijangos and Juan Antonio Campos and Federico Fern{\'{a}}ndez-Gonz{\'{a}}lez and Thomas Wohlgemuth and Viktor Onyshchenko and Petr Py{\v{s}}ek},
	editor = {Marcel Rejm{\'{a}}nek},
	title = {Alien plant invasions in European woodlands},
	journal = {Diversity and Distributions}
}