@article{ID85028875285,
	doi = {10.3354/meps12010},
	url = {https://doi.org/10.3354%2Fmeps12010},
	year = 2017,
	month = {aug},
	publisher = {Inter-Research Science Center},
	volume = {578},
	pages = {197-211},
	author = {R van Bemmelen and B Moe and SA Hanssen and NM Schmidt and J Hansen and J Lang and B Sittler and L Bollache and I Tulp and R Klaassen and O Gilg},
	title = {Flexibility in otherwise consistent non-breeding movements of a long-distance migratory seabird, the long-Tailed skua},
	journal = {Marine Ecology Progress Series}
}