@article{ID85020299674,
	doi = {10.2981/wlb.00241},
	url = {https://doi.org/10.2981%2Fwlb.00241},
	year = 2017,
	month = {jun},
	publisher = {Wildlife Biology},
	pages = {wlb.00241},
	author = {Eva Fuglei and Marie-Anne Blanchet and Sigmund Unander and Rolf Anker Ims and {\AA}shild {\O}nvik Pedersen},
	title = {Hidden in the darkness of the Polar night: A first glimpse into winter migration of the Svalbard rock ptarmigan},
	journal = {Wildlife Biology},
	volume = {2017}
}