@article{ID85019247409,
	doi = {10.1016/j.biocon.2017.05.015},
	url = {https://doi.org/10.1016%2Fj.biocon.2017.05.015},
	year = 2017,
	month = {jul},
	publisher = {Elsevier {BV}},
	volume = {211},
	pages = {117-124},
	author = {Ane Kirstine Brunbjerg and Toke Thomas H{\o}ye and Anne Eskildsen and Bettina Nygaard and Christian Fr{\o}lund Damgaard and Rasmus Ejrn{\ae}s},
	title = {The collapse of marsh fritillary (Euphydryas aurinia) populations associated with declining host plant abundance},
	journal = {Biological Conservation}
}