@article{ID85009476340,
	doi = {10.1657/aaar0015-052},
	url = {https://doi.org/10.1657%2Faaar0015-052},
	year = 2016,
	month = {aug},
	publisher = {Institute of Arctic and Alpine Research ({INSTAAR})},
	volume = {48},
	number = {3},
	pages = {523-530},
	author = {Lars O. Mortensen and Charlotte Mosh{\o}j and Mads C. Forchhammer},
	title = {Density and climate influence seasonal population dynamics in an arctic ungulate},
	journal = {Arctic, Antarctic, and Alpine Research}
}