@article{ID85028960406,
	doi = {10.1111/geb.12629},
	url = {https://doi.org/10.1111%2Fgeb.12629},
	year = 2017,
	month = {sep},
	publisher = {Wiley-Blackwell},
	volume = {26},
	number = {10},
	pages = {1190-1200},
	author = {Jean-Yves Barnagaud and W. Daniel Kissling and Constantinos Tsirogiannis and Vissarion Fisikopoulos and S{\'{e}}bastien Vill{\'{e}}ger and Cagan H. Sekercioglu and Jens-Christian Svenning},
	title = {Biogeographical, environmental and anthropogenic determinants of global patterns in bird taxonomic and trait turnover},
	journal = {Global Ecology and Biogeography}
}