@article{ID85012013252,
	doi = {10.1098/rspb.2015.2512},
	url = {https://doi.org/10.1098%2Frspb.2015.2512},
	year = 2016,
	month = {feb},
	publisher = {The Royal Society},
	volume = {283},
	number = {1824},
	pages = {20152512},
	author = {Jesper Sonne and Ana M. Mart{\'{\i}}n Gonz{\'{a}}lez and Pietro K. Maruyama and Brody Sandel and Jeferson Vizentin-Bugoni and Matthias Schleuning and Stefan Abrahamczyk and Ruben Alarc{\'{o}}n and Andr{\'{e}}a C. Araujo and Francielle P. Ara{\'{u}}jo and Severino Mendes de Azevedo and Andrea C. Baquero and Peter A. Cotton and Tanja Toftemark Ingversen and Glauco Kohler and Carlos Lara and Flor Maria Guedes Las-Casas and Adriana O. Machado and Caio Graco Machado and Mar{\'{\i}}a Alejandra Maglianesi and Alan Cerqueira Moura and David Nogu{\'{e}}s-Bravo and Genilda M. Oliveira and Paulo E. Oliveira and Juan Francisco Ornelas and Licl{\'{e}}ia da Cruz Rodrigues and Liliana Rosero-Lasprilla and Ana Maria Rui and Marlies Sazima and Allan Timmermann and Isabela Galarda Varassin and Zhiheng Wang and Stella Watts and Jon Fjelds{\aa} and Jens-Christian Svenning and Carsten Rahbek and Bo Dalsgaard},
	title = {High proportion of smaller ranged hummingbird species coincides with ecological specialization across the Americas},
	journal = {Proceedings of the Royal Society B: Biological Sciences}
}