@article{ID85018305409,
	doi = {10.1016/j.ijppaw.2017.04.005},
	url = {https://doi.org/10.1016%2Fj.ijppaw.2017.04.005},
	year = 2017,
	month = {apr},
	publisher = {Elsevier {BV}},
	author = {Matthias Galipaud and Lo√Øc Bollache and Cl{\'{e}}ment Lagrue},
	title = {Variations in infection levels and parasite-induced mortality among sympatric cryptic lineages of native amphipods and a congeneric invasive species: Are native hosts always losing?},
	journal = {International Journal for Parasitology: Parasites and Wildlife}
}