@article{ID85028252009,
	doi = {10.1002/jez.2058},
	url = {https://doi.org/10.1002%2Fjez.2058},
	year = 2016,
	month = {dec},
	publisher = {Wiley-Blackwell},
	volume = {325},
	number = {10},
	pages = {641-650},
	author = {Pauline M. Capelle and Christina A. D. Semeniuk and Natalie M. Sopinka and John W. Heath and Oliver P. Love},
	title = {Prenatal Stress Exposure Generates Higher Early Survival and Smaller Size without Impacting Developmental Rate in a Pacific Salmon},
	journal = {Journal of Experimental Zoology Part A: Ecological Genetics and Physiology}
}