@article{ID85014902628,
	doi = {10.1086/689913},
	url = {https://doi.org/10.1086%2F689913},
	year = 2017,
	month = {mar},
	publisher = {University of Chicago Press},
	volume = {90},
	number = {2},
	pages = {190-200},
	author = {Emily A. Cornelius and Fran{\c{c}}ois V{\'{e}}zina and Lyette Regimbald and Fanny Hallot and Magali Petit and Oliver P. Love and William H. Karasov},
	title = {Chickadees faced with unpredictable food increase fat reserves but certain components of their immune function decline},
	journal = {Physiological and Biochemical Zoology}
}