@article{ID85018584256,
	doi = {10.1111/jbi.13009},
	url = {https://doi.org/10.1111%2Fjbi.13009},
	year = 2017,
	month = {apr},
	publisher = {Wiley-Blackwell},
	volume = {44},
	number = {8},
	pages = {1824-1835},
	author = {Sigrid Kistrup Ils{\o}e and W. Daniel Kissling and Jon Fjelds{\aa} and Brody Sandel and Jens-Christian Svenning},
	title = {Global variation in woodpecker species richness shaped by tree availability},
	journal = {Journal of Biogeography}
}