@article{ID85020194593,
	doi = {10.1007/s13253-017-0283-8},
	url = {https://doi.org/10.1007%2Fs13253-017-0283-8},
	year = 2017,
	month = {jun},
	publisher = {Springer Nature},
	volume = {22},
	number = {3},
	pages = {270-293},
	author = {Jennifer Pohle and Roland Langrock and Floris M. van Beest and Niels Martin Schmidt},
	title = {Selecting the Number of States in Hidden Markov Models: Pragmatic Solutions Illustrated Using Animal Movement},
	journal = {Journal of Agricultural, Biological and Environmental Statistics}
}