@article{ID85000501050,
	doi = {10.3897/phytokeys.74.9723},
	url = {https://doi.org/10.3897%2Fphytokeys.74.9723},
	year = 2016,
	month = {nov},
	publisher = {Pensoft Publishers},
	volume = {74},
	pages = {1-18},
	author = {Dauby Gilles and Rainer Zaiss and Anne Blach-Overgaard and Lu{\'{\i}}s Catarino and Theo Damen and Vincent Deblauwe and Steven Dessein and John Dransfield and Vincent Droissart and Maria Cristina Duarte and Henry Engledow and Geoffrey Fadeur and Rui Figueira and Roy E. Gereau and Olivier J. Hardy and David J. Harris and Janneke de Heij and Steven Janssens and Yannick Klomberg and Alexandra C. Ley and Barbara A. MacKinder and Pierre Meerts and Jeike L. van de Poel and Bonaventure Sonk{\'{e}} and Marc S. M. Sosef and Tariq St{\'{e}}vart and Piet Stoffelen and Jens-Christian Svenning and Pierre Sepulchre and Xander van der Burgt and Jan J. Wieringa and Thomas L. P. Couvreur},
	title = {RAINBIO: A mega-database of tropical African vascular plants distributions},
	journal = {{PhytoKeys}},
	number = {1}
}