@article{ID85030448757,
	doi = {10.1098/rsbl.2017.0122},
	url = {https://doi.org/10.1098%2Frsbl.2017.0122},
	year = 2017,
	month = {aug},
	publisher = {The Royal Society},
	volume = {13},
	number = {8},
	pages = {20170122},
	author = {Mads Forchhammer},
	title = {Sea-ice induced growth decline in Arctic shrubs},
	journal = {Biology Letters}
}