@article{ID85029361028,
	doi = {10.1111/ecog.02995},
	url = {https://doi.org/10.1111%2Fecog.02995},
	year = 2017,
	month = {sep},
	publisher = {Wiley-Blackwell},
	author = {Glenn Yannic and Joaqu{\'{\i}}n Ortego and Lo√Øc Pellissier and Nicolas Lecomte and Louis Bernatchez and Steeve D C{\^{o}}t{\'{e}}},
	title = {Linking genetic and ecological differentiation in an ungulate with a circumpolar distribution},
	journal = {Ecography}
}