@article{ID85011317261,
	doi = {10.2981/wlb.00192},
	url = {https://doi.org/10.2981%2Fwlb.00192},
	year = 2017,
	month = {jan},
	publisher = {Wildlife Biology},
	volume = {17},
	pages = {wlb.00192},
	author = {Gitte H{\o}j Jensen and Lo√Øc Pellissier and Ingunn M. Tombre and Jesper Madsen},
	title = {Landscape selection by migratory geese: Implications for hunting organisation},
	journal = {Wildlife Biology}
}