@article{ID85010924584,
	doi = {10.1038/srep41450},
	url = {https://doi.org/10.1038%2Fsrep41450},
	year = 2017,
	month = {jan},
	publisher = {Springer Nature},
	volume = {7},
	pages = {41450},
	author = {Mette L{\o}vschal and Peder Klith B{\o}cher and Jeppe Pilgaard and Irene Amoke and Alice Odingo and Aggrey Thuo and Jens-Christian Svenning},
	title = {Fencing bodes a rapid collapse of the unique Greater Mara ecosystem},
	journal = {Scientific Reports}
}