@article{ID85015179778,
	doi = {10.5817/cpr2016-2-12},
	url = {https://doi.org/10.5817%2Fcpr2016-2-12},
	year = 2016,
	publisher = {Masaryk University Press},
	volume = {6},
	number = {2},
	pages = {132-140},
	author = {Capucine Baubin and Doroth{\'{e}}e Ehrich and Virve Ravolainen and Svetlana Sokovina (Abdulmanova) and Svetlana Ektova and Natalya Sokolova and Rolf A. Ims and Aleksandr Sokolov},
	title = {First results from an experiment excluding three sizes classes of herbivores from tundra vegetation in southern yamal, Russia},
	journal = {Czech Polar Reports}
}