@article{ID85031716917,
	doi = {10.1038/s41598-017-13005-y},
	url = {https://doi.org/10.1038%2Fs41598-017-13005-y},
	year = 2017,
	month = {oct},
	publisher = {Springer Nature},
	volume = {7},
	number = {1},
	author = {Martin Bulla and Hanna Pr√ºter and Hana Vitnerov{\'{a}} and Wim Tijsen and Martin Sl{\'{a}}de{\v{c}}ek and Jos{\'{e}} A. Alves and Olivier Gilg and Bart Kempenaers},
	title = {Flexible parental care: Uniparental incubation in biparentally incubating shorebirds},
	journal = {Scientific Reports}
}