@article{ID85014964433,
	doi = {10.1086/689290},
	url = {https://doi.org/10.1086%2F689290},
	year = 2017,
	month = {mar},
	publisher = {University of Chicago Press},
	volume = {90},
	number = {2},
	pages = {153-165},
	author = {Gonzalo Barcel{\'{o}} and Oliver P. Love and Fran{\c{c}}ois V{\'{e}}zina},
	title = {Uncoupling basal and summit metabolic rates in white-throated Sparrows: Digestive demand drives maintenance costs, but changes in muscle mass are not needed to improve thermogenic capacity},
	journal = {Physiological and Biochemical Zoology}
}