@article{ID85029504693,
	doi = {10.1016/j.foreco.2017.09.027},
	url = {https://doi.org/10.1016%2Fj.foreco.2017.09.027},
	year = 2017,
	month = {dec},
	publisher = {Elsevier {BV}},
	volume = {405},
	pages = {81-91},
	author = {Ole Petter Laksforsmo Vindstad and Jane Uhd Jepsen and Moritz Klinghardt and Malin Ek and Rolf Anker Ims},
	title = {Salvage logging of mountain birch after geometrid outbreaks: Ecological context determines management outcomes},
	journal = {Forest Ecology and Management}
}