@article{ID85032796748,
	doi = {10.1002/ece3.3517},
	url = {https://doi.org/10.1002%2Fece3.3517},
	year = 2017,
	month = {nov},
	publisher = {Wiley-Blackwell},
	author = {Sarah T. Saalfeld and Richard B. Lanctot},
	title = {Multispecies comparisons of adaptability to climate change: A role for life-history characteristics?},
	journal = {Ecology and Evolution}
}