@article{ID85029588031,
	doi = {10.1007/s00300-017-2204-2},
	url = {https://doi.org/10.1007%2Fs00300-017-2204-2},
	year = 2017,
	month = {sep},
	publisher = {Springer Nature},
	author = {Toke T. H{\o}ye and Joseph J. Bowden and Oskar L. P. Hansen and Rikke R. Hansen and Th{\o}ger N. Henriksen and Andreas Niebuhr and Mathias Groth Skytte},
	title = {Elevation modulates how Arctic arthropod communities are structured along local environmental gradients},
	journal = {Polar Biology},
	pages = {1-11}
}