@article{ID85017478545,
	doi = {10.1186/s40462-015-0065-2},
	url = {https://doi.org/10.1186%2Fs40462-015-0065-2},
	year = 2015,
	month = {nov},
	publisher = {Springer Nature},
	volume = {3},
	number = {1},
	author = {Sandra Lai and JoÃ«l B{\^{e}}ty and Dominique Berteaux},
	title = {Spatio-temporal hotspots of satellite- tracked arctic foxes reveal a large detection range in a mammalian predator},
	journal = {Movement Ecology}
}