@article{ID85018247019,
	doi = {10.1016/j.ecocom.2017.04.004},
	url = {https://doi.org/10.1016%2Fj.ecocom.2017.04.004},
	year = 2017,
	month = {sep},
	publisher = {Elsevier {BV}},
	volume = {31},
	pages = {78-87},
	author = {Hedvig K. Nenz{\'{e}}n and Elise Filotas and Pedro Peres-Neto and Dominique Gravel},
	title = {Epidemiological landscape models reproduce cyclic insect outbreaks},
	journal = {Ecological Complexity}
}