@article{ID85017397461,
	doi = {10.1111/gcb.13631},
	url = {https://doi.org/10.1111%2Fgcb.13631},
	year = 2017,
	month = {apr},
	publisher = {Wiley-Blackwell},
	volume = {23},
	number = {8},
	pages = {3281-3291},
	author = {Pascale Ropars and Sandra Angers-Blondin and Marianne Gagnon and Isla H. Myers-Smith and Esther L{\'{e}}vesque and St{\'{e}}phane Boudreau},
	title = {Different parts, different stories: climate sensitivity of growth is stronger in root collars vs. stems in tundra shrubs},
	journal = {Global Change Biology}
}