@article{ID85019946524,
	doi = {10.1126/science.aaj1631},
	url = {https://doi.org/10.1126%2Fscience.aaj1631},
	year = 2017,
	month = {may},
	publisher = {American Association for the Advancement of Science ({AAAS})},
	volume = {356},
	number = {6339},
	pages = {742-744},
	author = {Tomas Roslin and Bess Hardwick and Vojtech Novotny and William K. Petry and Nigel R. Andrew and Ashley Asmus and Isabel C. Barrio and Yves Basset and Andrea Larissa Boesing and Timothy C. Bonebrake and Erin K. Cameron and Wesley D{\'{a}}ttilo and David A. Donoso and Pavel Drozd and Claudia L. Gray and David S. Hik and Sarah J. Hill and Tapani Hopkins and Shuyin Huang and Bonny Koane and Benita Laird-Hopkins and Liisa Laukkanen and Owen T. Lewis and Sol Milne and Isaiah Mwesige and Akihiro Nakamura and Colleen S. Nell and Elizabeth Nichols and Alena Prokurat and Katerina Sam and Niels M. Schmidt and Alison Slade and Victor Slade and Al{\v{z}}b{\v{e}}ta Suchankov{\'{a}} and Tiit Teder and Saskya van Nouhuys and Vigdis Vandvik and Anita Weissflog and Vital Zhukovich and Eleanor M. Slade},
	title = {Latitudinal gradients: Higher predation risk for insect prey at low latitudes and elevations},
	journal = {Science}
}