@article{ID85028773260,
	doi = {10.1111/1365-2435.12830},
	url = {https://doi.org/10.1111%2F1365-2435.12830},
	year = 2017,
	month = {sep},
	publisher = {Wiley-Blackwell},
	volume = {31},
	number = {9},
	pages = {1847-1852},
	author = {Eeva M. Soininen and Sandra Hamel and Nigel G. Yoccoz},
	editor = {Charles Fox},
	title = {Importance of study design and robust analyses in ecology – what is the evidence for silica–vole interactions?},
	journal = {Functional Ecology}
}