@article{ID85009238266,
	doi = {10.1016/j.marpolbul.2016.11.051},
	url = {https://doi.org/10.1016%2Fj.marpolbul.2016.11.051},
	year = 2017,
	month = {mar},
	publisher = {Elsevier {BV}},
	volume = {116},
	number = {1-2},
	pages = {517-520},
	author = {Florence E. Poon and Jennifer F. Provencher and Mark L. Mallory and Birgit M. Braune and Paul A. Smith},
	title = {Levels of ingested debris vary across species in Canadian Arctic seabirds},
	journal = {Marine Pollution Bulletin}
}