@article{ID85003411590,
	doi = {10.1002/rse2.2},
	url = {https://doi.org/10.1002%2Frse2.2},
	year = 2015,
	month = {may},
	publisher = {Wiley-Blackwell},
	volume = {1},
	number = {1},
	pages = {29-38},
	author = {Eeva M. Soininen and Ingrid Jensvoll and Siw T. Killengreen and Rolf A. Ims},
	title = {Under the snow: a new camera trap opens the white box of subnivean ecology},
	journal = {Remote Sensing in Ecology and Conservation}
}