@article{ID85027942014,
	doi = {10.1007/s10344-016-0987-z},
	url = {https://doi.org/10.1007%2Fs10344-016-0987-z},
	year = 2016,
	month = {jan},
	publisher = {Springer Nature},
	volume = {62},
	number = {2},
	pages = {151-160},
	author = {Eeva M. Soininen and Eva Fuglei and {\AA}shild {\O}. Pedersen},
	title = {Complementary use of density estimates and hunting statistics: Different sides of the same story?},
	journal = {European Journal of Wildlife Research}
}