@article{ID85015582693,
	doi = {10.1126/science.aad8466},
	url = {https://doi.org/10.1126%2Fscience.aad8466},
	year = 2016,
	month = {sep},
	publisher = {American Association for the Advancement of Science ({AAAS})},
	volume = {353},
	number = {6304},
	pages = {aad8466-aad8466},
	author = {M. C. Urban and G. Bocedi and A. P. Hendry and J.-B. Mihoub and G. Peer and A. Singer and J. R. Bridle and L. G. Crozier and L. De Meester and W. Godsoe and A. Gonzalez and J. J. Hellmann and R. D. Holt and A. Huth and K. Johst and C. B. Krug and P. W. Leadley and S. C. F. Palmer and J. H. Pantel and A. Schmitz and P. A. Zollner and J. M. J. Travis},
	title = {Improving the forecast for biodiversity under climate change},
	journal = {Science}
}