@article{ID85028960352,
	doi = {10.1007/s10530-017-1553-7},
	url = {https://doi.org/10.1007%2Fs10530-017-1553-7},
	year = 2017,
	month = {sep},
	publisher = {Springer Nature},
	author = {Jesica Goldsmit and Philippe Archambault and Guillem Chust and Ernesto Villarino and George Liu and Jennifer V. Lukovich and David G. Barber and Kimberly L. Howland},
	title = {Projecting present and future habitat suitability of ship-mediated aquatic invasive species in the Canadian Arctic},
	journal = {Biological Invasions},
	pages = {1-17}
}