@article{ID85015250198,
	doi = {10.1007/s10344-017-1091-8},
	url = {https://doi.org/10.1007%2Fs10344-017-1091-8},
	year = 2017,
	month = {mar},
	publisher = {Springer Nature},
	volume = {63},
	number = {2},
	author = {Marianne Haage and Anders Angerbj√∂rn and Bodil Elmhagen and Tiit Maran},
	title = {An experimental approach to the formation of diet preferences and individual specialisation in European mink},
	journal = {European Journal of Wildlife Research}
}