@article{ID85029511492,
	doi = {10.1186/s12898-017-0142-z},
	url = {https://doi.org/10.1186%2Fs12898-017-0142-z},
	year = 2017,
	month = {sep},
	publisher = {Springer Nature},
	volume = {17},
	number = {1},
	author = {Dorothee Ehrich and Maite Cerezo and Anna Y. Rodnikova and Natalya A. Sokolova and Eva Fuglei and Victor G. Shtro and Aleksandr A. Sokolov},
	title = {Vole abundance and reindeer carcasses determine breeding activity of Arctic foxes in low Arctic Yamal, Russia},
	journal = {{BMC} Ecology}
}