@article{ID85021811588,
	doi = {10.1016/j.ppees.2017.06.005},
	url = {https://doi.org/10.1016%2Fj.ppees.2017.06.005},
	year = 2017,
	month = {jun},
	publisher = {Elsevier {BV}},
	author = {Kari Anne Br{\aa}then and Victoria T. Gonzalez and Nigel G. Yoccoz},
	title = {Gatekeepers to the effects of climate warming? Niche construction restricts plant community changes along a temperature gradient},
	journal = {Perspectives in Plant Ecology, Evolution and Systematics}
}