@article{ID85028834610,
	doi = {10.3354/meps12124},
	url = {https://doi.org/10.3354%2Fmeps12124},
	year = 2017,
	month = {aug},
	publisher = {Inter-Research Science Center},
	volume = {578},
	pages = {243-251},
	author = {J Navarro and D Gr{\'{e}}millet and FJ Ramirez and I Af{\'{a}}n and W Bouten and MG Forero},
	title = {Shifting individual habitat specialization of a successful predator living in anthrop ogeniclandscapes},
	journal = {Marine Ecology Progress Series}
}