@article{ID85016465971,
	doi = {10.1007/s00300-017-2114-3},
	url = {https://doi.org/10.1007%2Fs00300-017-2114-3},
	year = 2017,
	month = {apr},
	publisher = {Springer Nature},
	volume = {40},
	number = {10},
	pages = {2097-2103},
	author = {Eeva M. Soininen and Lucie Zinger and Ludovic Gielly and Nigel G. Yoccoz and John-Andre Henden and Rolf A. Ims},
	title = {Not only mosses: lemming winter diets as described by DNA metabarcoding},
	journal = {Polar Biology}
}