@article{ID85020646288,
	doi = {10.1186/s12864-017-3839-7},
	url = {https://doi.org/10.1186%2Fs12864-017-3839-7},
	year = 2017,
	month = {jun},
	publisher = {Springer Nature},
	volume = {18},
	number = {1},
	author = {Julien Goebel and Marta Promerov{\'{a}} and Francesco Bonadonna and Karen D. McCoy and C{\'{e}}line Serbielle and Maria Strandh and Glenn Yannic and Reto Burri and Luca Fumagalli},
	title = {100 million years of multigene family evolution: Origin and evolution of the avian MHC class IIB},
	journal = {{BMC} Genomics}
}