@article{ID85032130298,
	doi = {10.1007/s10344-017-1080-y},
	url = {https://doi.org/10.1007%2Fs10344-017-1080-y},
	year = 2017,
	month = {jan},
	publisher = {Springer Nature},
	volume = {63},
	number = {1},
	author = {Thomas Kj{\ae}r Christensen and Jesper Madsen and Tommy Asferg and Jens Peder Hounisen and Lars Haugaard},
	title = {Assessing huntersâ€™ ability to identify shot geese: implications for hunting bag accuracy},
	journal = {European Journal of Wildlife Research}
}