@article{ID85014150038,
	doi = {10.1111/avsc.12299},
	url = {https://doi.org/10.1111%2Favsc.12299},
	year = 2017,
	month = {mar},
	publisher = {Wiley-Blackwell},
	volume = {20},
	number = {3},
	pages = {494-512},
	author = {Wolfgang Willner and Borja Jim{\'{e}}nez-Alfaro and Emiliano Agrillo and Idoia Biurrun and Juan Antonio Campos and Andra{\v{z}} {\v{C}}arni and Laura Casella and J{\'{a}}nos Csiky and Renata {\'{C}}u{\v{s}}terevska and Yakiv P. Didukh and JÃ¶rg Ewald and Ute Jandt and Florian Jansen and Zygmunt K{\k{a}}cki and Ali Kavgac{\i} and Jonathan Lenoir and Aleksander Marin{\v{s}}ek and Viktor Onyshchenko and John S. Rodwell and Joop H. J. Schamin{\'{e}}e and Jozef {\v{S}}ib{\'{\i}}k and {\v{Z}}eljko {\v{S}}kvorc and Jens-Christian Svenning and Ioannis Tsiripidis and Pavel Dan Turtureanu and Rossen Tzonev and Kiril Vassilev and Roberto Venanzoni and Thomas Wohlgemuth and Milan Chytr{\'{y}}},
	editor = {Angelika Schwabe-Kratochwil},
	title = {Classification of European beech forests: a Gordian Knot?},
	journal = {Applied Vegetation Science}
}