@article{ID85025177311,
	doi = {10.1007/s00300-017-2147-7},
	url = {https://doi.org/10.1007%2Fs00300-017-2147-7},
	year = 2017,
	month = {jul},
	publisher = {Springer Nature},
	volume = {40},
	number = {11},
	pages = {2329-2334},
	author = {Dominique Fauteux and Guillaume Slevan-Tremblay and Gilles Gauthier and Dominique Berteaux},
	title = {Feeding preference of brown lemmings (Lemmus trimucronatus) for plant parts of Arctic willow (Salix arctica)},
	journal = {Polar Biology}
}