@article{ID85004000361,
	doi = {10.1016/j.envres.2016.12.007},
	url = {https://doi.org/10.1016%2Fj.envres.2016.12.007},
	year = 2017,
	month = {feb},
	publisher = {Elsevier {BV}},
	volume = {153},
	pages = {171-180},
	author = {Mai Dang and Rasmus N{\o}rregaard and Lis Bach and Christian Sonne and Jens S{\o}ndergaard and Kim Gustavson and Peter Aastrup and Barbara Nowak},
	title = {Metal residues, histopathology and presence of parasites in the liver and gills of fourhorn sculpin (Myoxocephalus quadricornis) and shorthorn sculpin (Myoxocephalus scorpius) near a former lead-zinc mine in East Greenland},
	journal = {Environmental Research}
}