@article{ID85024481200,
	doi = {10.1007/s00300-017-2176-2},
	url = {https://doi.org/10.1007%2Fs00300-017-2176-2},
	year = 2017,
	month = {jul},
	publisher = {Springer Nature},
	author = {Odd Aksel Bergstad and Edda Johannesen and {\AA}ge H{\o}ines and Kari E. Ellingsen and Vidar S. Lien and Ingvar Byrkjedal and Nigel G. Yoccoz and Torkild Tveraa and Rupert Wienerroither and Gunnar Langhelle and Thomas de Lange Wenneck},
	title = {Demersal fish assemblages in the boreo-Arctic shelf waters around Svalbard during the warm period 2007â€“2014},
	journal = {Polar Biology},
	pages = {1-18}
}