@article{ID85020422201,
	doi = {10.1098/rspb.2016.2799},
	url = {https://doi.org/10.1098%2Frspb.2016.2799},
	year = 2017,
	month = {jun},
	publisher = {The Royal Society},
	volume = {284},
	number = {1856},
	pages = {20162799},
	author = {Maud C. Quinzin and Signe Normand and Simon Dellicour and Jens-Christian Svenning and Patrick Mardulyn},
	title = {Glacial survival of trophically linked boreal species in northern Europe},
	journal = {Proceedings of the Royal Society B: Biological Sciences}
}