@article{ID85027933318,
	doi = {10.1111/jeb.12901},
	url = {https://doi.org/10.1111%2Fjeb.12901},
	year = 2016,
	month = {jun},
	publisher = {Wiley-Blackwell},
	volume = {29},
	number = {9},
	pages = {1860-1866},
	author = {S. Descamps and J.-M. Gaillard and S. Hamel and N. G. Yoccoz},
	title = {When relative allocation depends on total resource acquisition: implication for the analysis of trade-offs},
	journal = {Journal of Evolutionary Biology}
}