@article{ID85008943058,
	doi = {10.1086/689994},
	url = {https://doi.org/10.1086%2F689994},
	year = 2017,
	month = {jan},
	publisher = {University of Chicago Press},
	volume = {90},
	number = {1},
	pages = {15-33},
	author = {N. M. Sopinka and P. M. Capelle and C. A. D. Semeniuk and O. P. Love},
	title = {Glucocorticoids in fish eggs: Variation, interactions with the environment, and the potential to shape offspring fitness},
	journal = {Physiological and Biochemical Zoology}
}