@article{ID85026920616,
	doi = {10.1007/s10530-017-1520-3},
	url = {https://doi.org/10.1007%2Fs10530-017-1520-3},
	year = 2017,
	month = {aug},
	publisher = {Springer Nature},
	author = {S. Luke Flory and Christina Alba and Keith Clay and Robert Holt and Erica Goss},
	title = {Long-term studies are needed to reveal the effects of pathogen accumulation on invaded plant communities},
	journal = {Biological Invasions},
	pages = {1-2}
}