@article{ID85026852784,
	doi = {10.1152/ajpregu.00453.2016},
	url = {https://doi.org/10.1152%2Fajpregu.00453.2016},
	year = 2017,
	month = {apr},
	publisher = {American Physiological Society},
	volume = {313},
	number = {2},
	pages = {R120-R131},
	author = {Fran{\c{c}}ois V{\'{e}}zina and Alexander R. Gerson and Christopher G. Guglielmo and Theunis Piersma},
	title = {The performing animal: Causes and consequences of body remodeling and metabolic adjustments in red knots facing contrasting thermal environments},
	journal = {American Journal of Physiology - Regulatory, Integrative and Comparative Physiology}
}