@article{ID85010443390,
	doi = {10.1007/s13280-016-0866-6},
	url = {https://doi.org/10.1007%2Fs13280-016-0866-6},
	year = 2017,
	month = {jan},
	publisher = {Springer Nature},
	volume = {46},
	number = {S1},
	pages = {94-105},
	author = {Mojtaba Karami and Birger Ulf Hansen and Andreas Westergaard-Nielsen and Jakob Abermann and Magnus Lund and Niels Martin Schmidt and Bo Elberling},
	title = {Vegetation phenology gradients along the west and east coasts of Greenland from 2001 to 2015},
	journal = {Ambio}
}