@article{ID85001967741,
	doi = {10.1016/j.jmarsys.2016.11.021},
	url = {https://doi.org/10.1016%2Fj.jmarsys.2016.11.021},
	year = 2017,
	month = {mar},
	publisher = {Elsevier {BV}},
	volume = {167},
	pages = {105-117},
	author = {Mari{\`{e}}ve Bouchard Marmen and Ellen Kenchington and Mathieu Ardyna and Philippe Archambault},
	title = {Influence of seabird colonies and other environmental variables on benthic community structure, Lancaster Sound Region, Canadian Arctic},
	journal = {Journal of Marine Systems}
}