@article{ID85012986120,
	doi = {10.1111/acv.12339},
	url = {https://doi.org/10.1111%2Facv.12339},
	year = 2017,
	month = {feb},
	publisher = {Wiley-Blackwell},
	volume = {20},
	number = {5},
	pages = {409-424},
	author = {L. Kr√ºger and J. A. Ramos and J. C. Xavier and D. Gr{\'{e}}millet and J. Gonz{\'{a}}lez-Sol{\'{\i}}s and Y. Kolbeinsson and T. Milit{\~{a}}o and J. Navarro and M. V. Petry and R. A. Phillips and I. Ram{\'{\i}}rez and J. M. Reyes-Gonz{\'{a}}lez and P. G. Ryan and I. A. Sigur{\dh}sson and E. Van Sebille and R. M. Wanless and V. H. Paiva},
	title = {Identification of candidate pelagic marine protected areas through a seabird seasonal-, multispecific- and extinction risk-based approach},
	journal = {Animal Conservation}
}