@article{ID85011002369,
	doi = {10.1002/2016gb005378},
	url = {https://doi.org/10.1002%2F2016gb005378},
	year = 2017,
	month = {jan},
	publisher = {Wiley-Blackwell},
	volume = {31},
	number = {1},
	pages = {190-213},
	author = {Solveig Bourgeois and Philippe Archambault and Ursula Witte},
	title = {Organic matter remineralization in marine sediments: A Pan-Arctic synthesis},
	journal = {Global Biogeochemical Cycles}
}