@article{ID85032829932,
	doi = {10.1002/ece3.3534},
	url = {https://doi.org/10.1002%2Fece3.3534},
	year = 2017,
	month = {nov},
	publisher = {Wiley-Blackwell},
	author = {Vincent Pellissier and Anne Mimet and Colin Fontaine and Jens-Christian Svenning and Denis Couvet},
	title = {Relative importance of the land-use composition and intensity for the bird community composition in anthropogenic landscapes},
	journal = {Ecology and Evolution}
}