@article{ID85009268645,
	doi = {10.1111/gcb.13381},
	url = {https://doi.org/10.1111%2Fgcb.13381},
	year = 2016,
	month = {jun},
	publisher = {Wiley-Blackwell},
	volume = {23},
	number = {2},
	pages = {490-502},
	author = {S{\'{e}}bastien Descamps and Jon Aars and Eva Fuglei and Kit M. Kovacs and Christian Lydersen and Olga Pavlova and {\AA}shild {\O}. Pedersen and Virve Ravolainen and Hallvard Str{\o}m},
	title = {Climate change impacts on wildlife in a High Arctic archipelago â€“ Svalbard, Norway},
	journal = {Global Change Biology}
}