@article{ID85021413001,
	doi = {10.1002/ecy.1828},
	url = {https://doi.org/10.1002%2Fecy.1828},
	year = 2017,
	month = {jun},
	publisher = {Wiley-Blackwell},
	volume = {98},
	number = {7},
	pages = {1787-1796},
	author = {K. Chan and S. Boutin and T. J. Hossie and C. J. Krebs and M. O{\textquotesingle}Donoghue and D. L. Murray},
	title = {Improving the assessment of predator functional responses by considering alternate prey and predator interactions},
	journal = {Ecology}
}