@article{ID85016315095,
	doi = {10.1111/ele.12757},
	url = {https://doi.org/10.1111%2Fele.12757},
	year = 2017,
	month = {mar},
	publisher = {Wiley-Blackwell},
	volume = {20},
	number = {5},
	pages = {561-576},
	author = {Otso Ovaskainen and Gleb Tikhonov and Anna Norberg and F. Guillaume Blanchet and Leo Duan and David Dunson and Tomas Roslin and Nerea Abrego},
	editor = {Jerome Chave},
	title = {How to make more out of community data? A conceptual framework and its implementation as models and software},
	journal = {Ecology Letters}
}