@article{ID85009810457,
	doi = {10.1657/aaar0015-034},
	url = {https://doi.org/10.1657%2Faaar0015-034},
	year = 2016,
	month = {may},
	publisher = {Institute of Arctic and Alpine Research ({INSTAAR})},
	volume = {48},
	number = {2},
	pages = {229-240},
	author = {Jesper B. Mosbacher and Ditte K. Kristensen and Anders Michelsen and Mikkel Stelvig and Niels M. Schmidt},
	title = {Quantifying Muskox Plant Biomass Removal and Spatial Relocation of Nitrogen in a High Arctic Tundra Ecosystem},
	journal = {Arctic, Antarctic, and Alpine Research}
}