@article{ID85017308743,
	doi = {10.1139/cjz-2016-0103},
	url = {https://doi.org/10.1139%2Fcjz-2016-0103},
	year = 2017,
	month = {apr},
	publisher = {Canadian Science Publishing},
	volume = {95},
	number = {4},
	pages = {239-246},
	author = {R. Erlandsson and T. Meijer and S. Wagenius and A. Angerbj√∂rn},
	title = {Indirect effects of prey fluctuation on survival of juvenile arctic fox (Vulpes lagopus): A matter of maternal experience and litter attendance},
	journal = {Canadian Journal of Zoology}
}