@article{ID85008260104,
	doi = {10.1111/oik.03948},
	url = {https://doi.org/10.1111%2Foik.03948},
	year = 2016,
	month = {dec},
	publisher = {Wiley-Blackwell},
	volume = {126},
	number = {7},
	pages = {937-947},
	author = {Sandra Lai and JoÃ«l B{\^{e}}ty and Dominique Berteaux},
	title = {Movement tactics of a mobile predator in a meta-ecosystem with fluctuating resources: the arctic fox in the High Arctic},
	journal = {Oikos}
}