@article{ID85020397318,
	doi = {10.3354/meps12082},
	url = {https://doi.org/10.3354%2Fmeps12082},
	year = 2017,
	month = {mar},
	publisher = {Inter-Research Science Center},
	volume = {568},
	pages = {203-215},
	author = {P Fauchald and A Tarroux and T Tveraa and Y Cherel and Y Ropert-Coudert and A Kato and OP Love and {\O} Varpe and S Descamps},
	title = {Spring phenology shapes the spatial foraging behavior of Antarctic petrels},
	journal = {Marine Ecology Progress Series}
}