@article{ID85031328816,
	doi = {10.1016/j.pecon.2017.09.001},
	url = {https://doi.org/10.1016%2Fj.pecon.2017.09.001},
	year = 2017,
	month = {oct},
	publisher = {Elsevier {BV}},
	author = {Meredith Root-Bernstein and Jens-Christian Svenning},
	title = {Restoring connectivity between fragmented woodlands in Chile with a reintroduced mobile link species},
	journal = {Perspectives in Ecology and Conservation}
}