@article{ID85019679221,
	doi = {10.1111/ecog.03303},
	url = {https://doi.org/10.1111%2Fecog.03303},
	year = 2017,
	month = {may},
	publisher = {Wiley-Blackwell},
	author = {C. J. Sandom and S. Faurby and J.-C. Svenning and D. Burnham and A. Dickman and A. E. Hinks and E. A. Macdonald and W. J. Ripple and J. Williams and D. W. Macdonald},
	title = {Learning from the past to prepare for the future: Felids face continued threat from declining prey},
	journal = {Ecography}
}