@article{ID85011332603,
	doi = {10.1111/ele.12736},
	url = {https://doi.org/10.1111%2Fele.12736},
	year = 2017,
	month = {feb},
	publisher = {Wiley-Blackwell},
	volume = {20},
	number = {3},
	pages = {293-306},
	author = {Benjamin Blonder and Derek E. Moulton and Jessica Blois and Brian J. Enquist and Bente J. Graae and Marc Macias-Fauria and Brian McGill and Sandra Nogu{\'{e}} and Alejandro Ordonez and Brody Sandel and Jens-Christian Svenning},
	editor = {David Storch},
	title = {Predictability in community dynamics},
	journal = {Ecology Letters}
}