@article{ID85032875645,
	doi = {10.1093/jmammal/gyx082},
	url = {https://doi.org/10.1093%2Fjmammal%2Fgyx082},
	year = 2017,
	month = {jul},
	publisher = {Oxford University Press ({OUP})},
	author = {Thomas P Sullivan and Druscilla S Sullivan and Rudy Boonstra and Charles J Krebs and Alan Vyse},
	title = {Mechanisms of population limitation in the southern red-backed vole in conifer forests of western North America: Insights from a long-term study},
	journal = {Journal of Mammalogy},
	volume = {98},
	number = {5},
	pages = {1367-1378}
}