@article{ID85030786314,
	doi = {10.2981/wlb.00304},
	url = {https://doi.org/10.2981%2Fwlb.00304},
	year = 2017,
	month = {jan},
	publisher = {Wildlife Biology},
	volume = {17},
	pages = {wlb.00304},
	author = {Cl{\'{e}}ment Chevallier and Gilles Gauthier and Dominique Berteaux},
	title = {Age Estimation of Live Arctic Foxes Vulpes lagopus Based on Teeth Condition},
	journal = {Wildlife Biology}
}