@article{ID85021053621,
	doi = {10.1007/s00300-017-2139-7},
	url = {https://doi.org/10.1007%2Fs00300-017-2139-7},
	year = 2017,
	month = {jun},
	publisher = {Springer Nature},
	volume = {40},
	number = {11},
	pages = {2265-2278},
	author = {Isabel C. Barrio and Elin Lind{\'{e}}n and Mariska Te Beest and Johan Olofsson and Adrian Rocha and Eeva M. Soininen and Juha M. Alatalo and Tommi Andersson and Ashley Asmus and Julia Boike and Kari Anne Br{\aa}then and John P. Bryant and Agata Buchwal and C. Guillermo Bueno and Katherine S. Christie and Yulia V. Denisova and Dagmar Egelkraut and Dorothee Ehrich and LeeAnn Fishback and Bruce C. Forbes and Maite Gartzia and Paul Grogan and Martin Hallinger and Monique M. P. D. Heijmans and David S. Hik and Annika Hofgaard and Milena Holmgren and Toke T. H{\o}ye and Diane C. Huebner and Ingibjörg Svala J{\'{o}}nsd{\'{o}}ttir and Elina Kaarlejärvi and Timo Kumpula and Cynthia Y. M. J. G. Lange and Jelena Lange and Esther L{\'{e}}vesque and Juul Limpens and Marc Macias-Fauria and Isla Myers-Smith and Erik J. van Nieukerken and Signe Normand and Eric S. Post and Niels Martin Schmidt and Judith Sitters and Anna Skoracka and Alexander Sokolov and Natalya Sokolova and James D. M. Speed and Lorna E. Street and Maja K. Sundqvist and Otso Suominen and Nikita Tananaev and Jean-Pierre Tremblay and Christine Urbanowicz and Sergey A. Uvarov and David Watts and Martin Wilmking and Philip A. Wookey and Heike H. Zimmermann and Vitali Zverev and Mikhail V. Kozlov},
	title = {Background invertebrate herbivory on dwarf birch (Betula glandulosa-nana complex) increases with temperature and precipitation across the tundra biome},
	journal = {Polar Biology}
}