@article{ID85021204783,
	doi = {10.1111/geb.12600},
	url = {https://doi.org/10.1111%2Fgeb.12600},
	year = 2017,
	month = {jun},
	publisher = {Wiley-Blackwell},
	volume = {26},
	number = {8},
	pages = {918-929},
	author = {Lindsey N. Rich and Courtney L. Davis and Zach J. Farris and David A. W. Miller and Jody M. Tucker and Sandra Hamel and Mohammad S. Farhadinia and Robin Steenweg and Mario S. Di Bitetti and Kanchan Thapa and Mamadou D. Kane and S. Sunarto and Nathaniel P. Robinson and Agust{\'{\i}}n Paviolo and Paula Cruz and Quinton Martins and Navid Gholikhani and Ateih Taktehrani and Jesse Whittington and Febri A. Widodo and Nigel G. Yoccoz and Claudia Wultsch and Bart J. Harmsen and Marcella J. Kelly},
	title = {Assessing global patterns in mammalian carnivore occupancy and richness by integrating local camera trap surveys},
	journal = {Global Ecology and Biogeography}
}