@article{ID85029774363,
	doi = {10.1642/auk-17-5.1},
	url = {https://doi.org/10.1642%2Fauk-17-5.1},
	year = 2017,
	month = {oct},
	publisher = {American Ornithologists{\textquotesingle} Union},
	volume = {134},
	number = {4},
	pages = {871-881},
	author = {Jean-Fran{\c{c}}ois Therrien and Nicolas Lecomte and Thomas Zgirski and Mikaël Jaffr{\'{e}} and Andr{\'{e}}anne Beardsell and Laurie J. Goodrich and Joël B{\^{e}}ty and Alastair Franke and Edmund Zlonis and Keith L. Bildstein},
	title = {Long-term phenological shifts in migration and breeding-area residency in eastern North American raptors},
	journal = {The Auk}
}