@article{ID85006925546,
	doi = {10.1002/ece3.2579},
	url = {https://doi.org/10.1002%2Fece3.2579},
	year = 2016,
	month = {dec},
	publisher = {Wiley-Blackwell},
	volume = {7},
	number = {1},
	pages = {145-188},
	author = {Lawrence N. Hudson and Tim Newbold and Sara Contu and Samantha L. L. Hill and Igor Lysenko and Adriana De Palma and Helen R. P. Phillips and Tamera I. Alhusseini and Felicity E. Bedford and Dominic J. Bennett and Hollie Booth and Victoria J. Burton and Charlotte W. T. Chng and Argyrios Choimes and David L. P. Correia and Julie Day and Susy Echeverr{\'{\i}}a-Londo{\~{n}}o and Susan R. Emerson and Di Gao and Morgan Garon and Michelle L. K. Harrison and Daniel J. Ingram and Martin Jung and Victoria Kemp and Lucinda Kirkpatrick and Callum D. Martin and Yuan Pan and Gwilym D. Pask-Hale and Edwin L. Pynegar and Alexandra N. Robinson and Katia Sanchez-Ortiz and Rebecca A. Senior and Benno I. Simmons and Hannah J. White and Hanbin Zhang and Job Aben and Stefan Abrahamczyk and Gilbert B. Adum and Virginia Aguilar-Barquero and Marcelo A. Aizen and Bel{\'{e}}n Albertos and E. L. Alcala and Maria del Mar Alguacil and Audrey Alignier and Marc Ancrenaz and Alan N. Andersen and Enrique Arbel{\'{a}}ez-Cort{\'{e}}s and Inge Armbrecht and V{\'{\i}}ctor Arroyo-Rodr{\'{\i}}guez and Tom Aumann and Jan C. Axmacher and Badrul Azhar and Adri{\'{a}}n B. Azpiroz and Lander Baeten and Adama Bakayoko and Andr{\'{a}}s B{\'{a}}ldi and John E. Banks and Sharad K. Baral and Jos Barlow and Barbara I. P. Barratt and Lurdes Barrico and Paola Bartolommei and Diane M. Barton and Yves Basset and P{\'{e}}ter Bat{\'{a}}ry and Adam J. Bates and Bruno Baur and Erin M. Bayne and Pedro Beja and Suzan Benedick and {\AA}ke Berg and Henry Bernard and Nicholas J. Berry and Dinesh Bhatt and Jake E. Bicknell and Jochen H. Bihn and Robin J. Blake and Kadiri S. Bobo and Roberto B{\'{o}}{\c{c}}on and Teun Boekhout and Katrin Böhning-Gaese and Kevin J. Bonham and Paulo A. V. Borges and S{\'{e}}rgio H. Borges and C{\'{e}}line Boutin and J{\'{e}}r{\'{e}}my Bouyer and Cibele Bragagnolo and Jodi S. Brandt and Francis Q. Brearley and Isabel Brito and Vicen{\c{c}} Bros and Jörg Brunet and Grzegorz Buczkowski and Christopher M. Buddle and Rob Bugter and Erika Buscardo and Jörn Buse and Jimmy Cabra-Garc{\'{\i}}a and Nilton C. C{\'{a}}ceres and Nicolette L. Cagle and Mar{\'{\i}}a Calvi{\~{n}}o-Cancela and Sydney A. Cameron and Eliana M. Cancello and Rut Caparr{\'{o}}s and Pedro Cardoso and Dan Carpenter and Tiago F. Carrijo and Anelena L. Carvalho and Camila R. Cassano and Helena Castro and Alejandro A. Castro-Luna and Cerda B. Rolando and Alexis Cerezo and Kim Alan Chapman and Matthieu Chauvat and Morten Christensen and Francis M. Clarke and Daniel F. R. Cleary and Giorgio Colombo and Stuart P. Connop and Michael D. Craig and Leopoldo Cruz-L{\'{o}}pez and Saul A. Cunningham and Biagio D{\textquotesingle}Aniello and Neil D{\textquotesingle}Cruze and Pedro Giov{\^{a}}ni da Silva and Martin Dallimer and Emmanuel Danquah and Ben Darvill and Jens Dauber and Adrian L. V. Davis and Jeff Dawson and Claudio de Sassi and Benoit de Thoisy and Olivier Deheuvels and Alain Dejean and Jean-Louis Devineau and Tim Diekötter and Jignasu V. Dolia and Erwin Dom{\'{\i}}nguez and Yamileth Dominguez-Haydar and Silvia Dorn and Isabel Draper and Niels Dreber and Bertrand Dumont and Simon G. Dures and Mats Dynesius and Lars Edenius and Paul Eggleton and Felix Eigenbrod and Zolt{\'{a}}n Elek and Martin H. Entling and Karen J. Esler and Ricardo F. de Lima and Aisyah Faruk and Nina Farwig and Tom M. Fayle and Antonio Felicioli and Annika M. Felton and Roderick J. Fensham and Ignacio C. Fernandez and Catarina C. Ferreira and Gentile F. Ficetola and Cristina Fiera and Bruno K. C. Filgueiras and Hüseyin K. F{\i}r{\i}nc{\i}o{\u{g}}lu and David Flaspohler and Andreas Floren and Steven J. Fonte and Anne Fournier and Robert E. Fowler and Markus Franz{\'{e}}n and Lauchlan H. Fraser and Gabriella M. Fredriksson and Geraldo B. Freire and Tiago L. M. Frizzo and Daisuke Fukuda and Dario Furlani and Ren{\'{e}} Gaigher and Jörg U. Ganzhorn and Karla P. Garc{\'{\i}}a and Juan C. Garcia-R and Jenni G. Garden and Ricardo Garilleti and Bao-Ming Ge and Benoit Gendreau-Berthiaume and Philippa J. Gerard and Carla Gheler-Costa and Benjamin Gilbert and Paolo Giordani and Simonetta Giordano and Carly Golodets and Laurens G. L. Gomes and Rachelle K. Gould and Dave Goulson and Aaron D. Gove and Laurent Granjon and Ingo Grass and Claudia L. Gray and James Grogan and Weibin Gu and Mois{\`{e}}s Guardiola and Nihara R. Gunawardene and Alvaro G. Gutierrez and Doris L. Guti{\'{e}}rrez-Lamus and Daniela H. Haarmeyer and Mick E. Hanley and Thor Hanson and Nor R. Hashim and Shombe N. Hassan and Richard G. Hatfield and Joseph E. Hawes and Matt W. Hayward and Christian H{\'{e}}bert and Alvin J. Helden and John-Andr{\'{e}} Henden and Philipp Henschel and Lionel Hern{\'{a}}ndez and James P. Herrera and Farina Herrmann and Felix Herzog and Diego Higuera-Diaz and Branko Hilje and Hubert Höfer and Anke Hoffmann and Finbarr G. Horgan and Elisabeth Hornung and Roland Horv{\'{a}}th and Kristoffer Hylander and Paola Isaacs-Cubides and Hiroaki Ishida and Masahiro Ishitani and Carmen T. Jacobs and V{\'{\i}}ctor J. Jaramillo and Birgit Jauker and F. Jim{\'{e}}nez Hern{\'{a}}ndez and McKenzie F. Johnson and Virat Jolli and Mats Jonsell and S. Nur Juliani and Thomas S. Jung and Vena Kapoor and Heike Kappes and Vassiliki Kati and Eric Katovai and Klaus Kellner and Michael Kessler and Kathryn R. Kirby and Andrew M. Kittle and Mairi E. Knight and Eva Knop and Florian Kohler and Matti Koivula and Annette Kolb and Mouhamadou Kone and {\'{A}}d{\'{a}}m K{\H{o}}rösi and Jochen Krauss and Ajith Kumar and Raman Kumar and David J. Kurz and Alex S. Kutt and Thibault Lachat and Victoria Lantschner and Francisco Lara and Jesse R. Lasky and Steven C. Latta and William F. Laurance and Patrick Lavelle and Violette Le F{\'{e}}on and Gretchen LeBuhn and Jean-Philippe L{\'{e}}gar{\'{e}} and Val{\'{e}}rie Lehouck and Mar{\'{\i}}a V. Lencinas and Pia E. Lentini and Susan G. Letcher and Qi Li and Simon A. Litchwark and Nick A. Littlewood and Yunhui Liu and Nancy Lo-Man-Hung and Carlos A. L{\'{o}}pez-Quintero and Mounir Louhaichi and Gabor L. Lövei and Manuel Esteban Lucas-Borja and Victor H. Luja and Matthew S. Luskin and M Cristina MacSwiney G and Kaoru Maeto and Tibor Magura and Neil Aldrin Mallari and Louise A. Malone and Patrick K. Malonza and Jagoba Malumbres-Olarte and Salvador Mandujano and Inger E. M{\aa}ren and Erika Marin-Spiotta and Charles J. Marsh and E. J. P. Marshall and Eliana Mart{\'{\i}}nez and Guillermo Mart{\'{\i}}nez Pastur and David Moreno Mateos and Margaret M. Mayfield and Vicente Mazimpaka and Jennifer L. McCarthy and Kyle P. McCarthy and Quinn S. McFrederick and Sean McNamara and Nagore G. Medina and Rafael Medina and Jose L. Mena and Estefania Mico and Grzegorz Mikusinski and Jeffrey C. Milder and James R. Miller and Daniel R. Miranda-Esquivel and Melinda L. Moir and Carolina L. Morales and Mary N. Muchane and Muchai Muchane and Sonja Mudri-Stojnic and A. Nur Munira and Antonio Muo{\~{n}}z-Alonso and B. F. Munyekenye and Robin Naidoo and A. Naithani and Michiko Nakagawa and Akihiro Nakamura and Yoshihiro Nakashima and Shoji Naoe and Guiomar Nates-Parra and Dario A. Navarrete Gutierrez and Luis Navarro-Iriarte and Paul K. Ndang{\textquotesingle}ang{\textquotesingle}a and Eike L. Neuschulz and Jacqueline T. Ngai and Violaine Nicolas and Sven G. Nilsson and Norbertas Noreika and Olivia Norfolk and Jorge Ari Noriega and David A. Norton and Nicole M. Nöske and A. Justin Nowakowski and Catherine Numa and Niall O{\textquotesingle}Dea and Patrick J. O{\textquotesingle}Farrell and William Oduro and Sabine Oertli and Caleb Ofori-Boateng and Christopher Omamoke Oke and Vicencio Oostra and Lynne M. Osgathorpe and Samuel Eduardo Otavo and Navendu V. Page and Juan Paritsis and Alejandro Parra-H and Luke Parry and Guy Pe{\textquotesingle}er and Peter B. Pearman and Nicol{\'{a}}s Pelegrin and Raphaël P{\'{e}}lissier and Carlos A. Peres and Pablo L. Peri and Anna S. Persson and Theodora Petanidou and Marcell K. Peters and Rohan S. Pethiyagoda and Ben Phalan and T. Keith Philips and Finn C. Pillsbury and Jimmy Pincheira-Ulbrich and Eduardo Pineda and Joan Pino and Jaime Pizarro-Araya and A. J. Plumptre and Santiago L. Poggio and Natalia Politi and Pere Pons and Katja Poveda and Eileen F. Power and Steven J. Presley and V{\^{a}}nia Proen{\c{c}}a and Marino Quaranta and Carolina Quintero and Romina Rader and B. R. Ramesh and Martha P. Ramirez-Pinilla and Jai Ranganathan and Claus Rasmussen and Nicola A. Redpath-Downing and J. Leighton Reid and Yana T. Reis and Jos{\'{e}} M. Rey Benayas and Juan Carlos Rey-Velasco and Chevonne Reynolds and Danilo Bandini Ribeiro and Miriam H. Richards and Barbara A. Richardson and Michael J. Richardson and Rodrigo Macip R{\'{\i}}os and Richard Robinson and Carolina A. Robles and Jörg Römbke and Luz Piedad Romero-Duque and Matthias Rös and Loreta Rosselli and Stephen J. Rossiter and Dana S. Roth and T{\textquotesingle}ai H. Roulston and Laurent Rousseau and Andr{\'{e}} V. Rubio and Jean-Claude Ruel and Jonathan P. Sadler and Szabolcs S{\'{a}}fi{\'{a}}n and Romeo A. Salda{\~{n}}a-V{\'{a}}zquez and Katerina Sam and Ulrika Samneg{\aa}rd and Joana Santana and Xavier Santos and Jade Savage and Nancy A. Schellhorn and Menno Schilthuizen and Ute Schmiedel and Christine B. Schmitt and Nicole L. Schon and Christof Schüepp and Katharina Schumann and Oliver Schweiger and Dawn M. Scott and Kenneth A. Scott and Jodi L. Sedlock and Steven S. Seefeldt and Ghazala Shahabuddin and Graeme Shannon and Douglas Sheil and Frederick H. Sheldon and Eyal Shochat and Stefan J. Siebert and Fernando A. B. Silva and Javier A. Simonetti and Eleanor M. Slade and Jo Smith and Allan H. Smith-Pardo and Navjot S. Sodhi and Eduardo J. Somarriba and Ram{\'{o}}n A. Sosa and Grimaldo Soto Quiroga and Martin-Hugues St-Laurent and Brian M. Starzomski and Constanti Stefanescu and Ingolf Steffan-Dewenter and Philip C. Stouffer and Jane C. Stout and Ayron M. Strauch and Matthew J. Struebig and Zhimin Su and Marcela Suarez-Rubio and Shinji Sugiura and Keith S. Summerville and Yik-Hei Sung and Hari Sutrisno and Jens-Christian Svenning and Tiit Teder and Caragh G. Threlfall and Anu Tiitsaar and Jacqui H. Todd and Rebecca K. Tonietto and Ignasi Torre and B{\'{e}}la T{\'{o}}thm{\'{e}}r{\'{e}}sz and Teja Tscharntke and Edgar C. Turner and Jason M. Tylianakis and Marcio Uehara-Prado and Nicolas Urbina-Cardona and Denis Vallan and Adam J. Vanbergen and Heraldo L. Vasconcelos and Kiril Vassilev and Hans A. F. Verboven and Maria Jo{\~{a}}o Verdasca and Jos{\'{e}} R. Verd{\'{u}} and Carlos H. Vergara and Pablo M. Vergara and Jort Verhulst and Massimiliano Virgilio and Lien Van Vu and Edward M. Waite and Tony R. Walker and Hua-Feng Wang and Yanping Wang and James I. Watling and Britta Weller and Konstans Wells and Catrin Westphal and Edward D. Wiafe and Christopher D. Williams and Michael R. Willig and John C. Z. Woinarski and Jan H. D. Wolf and Volkmar Wolters and Ben A. Woodcock and Jihua Wu and Joseph M. Wunderle and Yuichi Yamaura and Satoko Yoshikura and Douglas W. Yu and Andrey S. Zaitsev and Juliane Zeidler and Fasheng Zou and Ben Collen and Rob M. Ewers and Georgina M. Mace and Drew W. Purves and Jörn P. W. Scharlemann and Andy Purvis},
	title = {The database of the PREDICTS (Projecting Responses of Ecological Diversity In Changing Terrestrial Systems) project},
	journal = {Ecology and Evolution}
}