@article{ID85026660024,
	doi = {10.2981/wlb.00299},
	url = {https://doi.org/10.2981%2Fwlb.00299},
	year = 2017,
	month = {jan},
	publisher = {Wildlife Biology},
	volume = {17},
	pages = {wlb.00299},
	author = {Mathilde Le Moullec and {\AA}shild {\O}nvik Pedersen and Nigel Gilles Yoccoz and Ronny Aanes and Jarle Tufto and Brage Bremset Hansen},
	title = {Ungulate population monitoring in an open tundra landscape: Distance sampling versus total counts},
	journal = {Wildlife Biology}
}