@article{ID85023608285,
	doi = {10.1371/journal.pone.0178077},
	url = {https://doi.org/10.1371%2Fjournal.pone.0178077},
	year = 2017,
	month = {jul},
	publisher = {Public Library of Science ({PLoS})},
	volume = {12},
	number = {7},
	pages = {e0178077},
	author = {Irene Piccini and Fabrizio Arnieri and Enrico Caprio and Beatrice Nervo and Simone Pelissetti and Claudia Palestrini and Tomas Roslin and Antonio Rolando},
	editor = {Nicolas Chaline},
	title = {Greenhouse gas emissions from dung pats vary with dung beetle species and with assemblage composition},
	journal = {{PLOS} {ONE}}
}