@article{ID85029598116,
	doi = {10.1111/geb.12632},
	url = {https://doi.org/10.1111%2Fgeb.12632},
	year = 2017,
	month = {sep},
	publisher = {Wiley-Blackwell},
	volume = {26},
	number = {10},
	pages = {1211-1221},
	author = {Florent Mazel and Rafael O. Wüest and Jean-Philippe Lessard and Julien Renaud and Gentile Francesco Ficetola and S{\'{e}}bastien Lavergne and Wilfried Thuiller},
	title = {Global patterns of β-diversity along the phylogenetic time-scale: The role of climate and plate tectonics},
	journal = {Global Ecology and Biogeography}
}