@article{ID85015228063,
	doi = {10.1111/1365-2656.12643},
	url = {https://doi.org/10.1111%2F1365-2656.12643},
	year = 2017,
	month = {mar},
	publisher = {Wiley-Blackwell},
	volume = {86},
	number = {3},
	pages = {683-693},
	author = {Loreleï Gu{\'{e}}ry and S{\'{e}}bastien Descamps and Roger Pradel and Sveinn Are Hanssen and Kjell Einar Erikstad and Geir W. Gabrielsen and H. Grant Gilchrist and Joël B{\^{e}}ty},
	editor = {Jean-Michel Gaillard},
	title = {Hidden survival heterogeneity of three Common eider populations in response to climate fluctuations},
	journal = {Journal of Animal Ecology}
}