@article{ID85014785301,
	doi = {10.1186/s40462-015-0042-9},
	url = {https://doi.org/10.1186%2Fs40462-015-0042-9},
	year = 2015,
	month = {may},
	publisher = {Springer Nature},
	volume = {3},
	number = {1},
	author = {Virginie Ramasco and Fr{\'{e}}d{\'{e}}ric Barraquand and Martin Biuw and Bernie McConnell and Kjell T Nilssen},
	title = {The intensity of horizontal and vertical search in a diving forager: The harbour seal},
	journal = {Movement Ecology}
}