@article{ID85031925697,
	doi = {10.1038/s41559-017-0348-7},
	url = {https://doi.org/10.1038%2Fs41559-017-0348-7},
	year = 2017,
	month = {oct},
	publisher = {Springer Nature},
	author = {Renske E. Onstein and William J. Baker and Thomas L. P. Couvreur and S{\o}ren Faurby and Jens-Christian Svenning and W. Daniel Kissling},
	title = {Frugivory-related traits promote speciation of tropical palms},
	journal = {Nature Ecology {\&} Evolution},
	pages = {1-9}
}