@article{ID85013313887,
	doi = {10.1007/s13280-017-0899-5},
	url = {https://doi.org/10.1007%2Fs13280-017-0899-5},
	year = 2017,
	month = {feb},
	publisher = {Springer Nature},
	volume = {46},
	number = {S2},
	pages = {210-223},
	author = {Johannes M. Baveco and Anne-Kari Bergjord and Jarle W. Bjerke and Magda E. Chudzi{\'{n}}ska and Lo√Øc Pellissier and Caroline E. Simonsen and Jesper Madsen and Ingunn M. Tombre and Bart A. Nolet},
	title = {Combining modelling tools to evaluate a goose management scheme},
	journal = {Ambio}
}