@article{ID85021800570,
	doi = {10.1676/16-011.1},
	url = {https://doi.org/10.1676%2F16-011.1},
	year = 2017,
	month = {jun},
	publisher = {Wilson Ornithological Society},
	volume = {129},
	number = {2},
	pages = {360-364},
	author = {Jennifer C. Probst and Jean-Fran{\c{c}}ois Therrien and Laurie J. Goodrich and Keith L. Bildstein},
	title = {Increase in Numbers and Potential Phenological Adjustment of Ruby-throated Hummingbirds (Archilochus colubris) during Autumn Migration at Hawk Mountain Sanctuary, Eastern Pennsylvania, 1990-2014},
	journal = {The Wilson Journal of Ornithology}
}