@article{ID85013339719,
	doi = {10.1007/s13280-016-0891-5},
	url = {https://doi.org/10.1007%2Fs13280-016-0891-5},
	year = 2017,
	month = {feb},
	publisher = {Springer Nature},
	volume = {46},
	number = {S2},
	pages = {319-327},
	author = {Caroline E. Simonsen and Ingunn M. Tombre and Jesper Madsen},
	title = {Scaring as a tool to alleviate crop damage by geese: Revealing differences between farmersâ€™ perceptions and the scale of the problem},
	journal = {Ambio}
}