@article{ID85021792974,
	doi = {10.1111/1365-2656.12701},
	url = {https://doi.org/10.1111%2F1365-2656.12701},
	year = 2017,
	month = {jul},
	publisher = {Wiley-Blackwell},
	volume = {86},
	number = {5},
	pages = {1205-1213},
	author = {Rasmus {\O}stergaard Pedersen and S{\o}ren Faurby and Jens-Christian Svenning},
	editor = {Shai Meiri},
	title = {Shallow sizeâ€“density relations within mammal clades suggest greater intra-guild ecological impact of large-bodied species},
	journal = {Journal of Animal Ecology}
}