@article{ID85016218532,
	doi = {10.18194/ws.00001},
	url = {https://doi.org/10.18194%2Fws.00001},
	year = 2015,
	publisher = {International Wader Study Group},
	volume = {122},
	number = {1},
	author = {Kim Fischer and Hans Meltofte},
	title = {Departure directions of sanderlings and ‘tundra’ Common Ringed Plovers from the northernmost Danish Wadden Sea in spring},
	journal = {Wader Study},
	pages = {25-30}
}