@article{ID85013290695,
	doi = {10.1007/s13280-016-0884-4},
	url = {https://doi.org/10.1007%2Fs13280-016-0884-4},
	year = 2017,
	month = {feb},
	publisher = {Springer Nature},
	volume = {46},
	number = {S2},
	pages = {231-240},
	author = {Einar Eyth{\'{o}}rsson and Ingunn M. Tombre and Jesper Madsen},
	title = {Goose management schemes to resolve conflicts with agriculture: Theory, practice and effects},
	journal = {Ambio}
}