@article{ID85013231194,
	doi = {10.1007/s13280-017-0903-0},
	url = {https://doi.org/10.1007%2Fs13280-017-0903-0},
	year = 2017,
	month = {feb},
	publisher = {Springer Nature},
	volume = {46},
	number = {S2},
	pages = {328-338},
	author = {David A. Stroud and Jesper Madsen and Anthony D. Fox},
	title = {Key actions towards the sustainable management of European geese},
	journal = {Ambio}
}