@article{ID85030171570,
	doi = {10.1086/693006},
	url = {https://doi.org/10.1086%2F693006},
	year = 2017,
	month = {oct},
	publisher = {University of Chicago Press},
	volume = {190},
	number = {4},
	pages = {469-490},
	author = {Maria E. Orive and Michael Barfield and Carlos Fernandez and Robert D. Holt},
	title = {Effects of clonal reproduction on evolutionary lag and evolutionary rescue},
	journal = {The American Naturalist}
}