@article{ID85018986732,
	doi = {10.1016/j.tree.2017.03.008},
	url = {https://doi.org/10.1016%2Fj.tree.2017.03.008},
	year = 2017,
	month = {jul},
	publisher = {Elsevier {BV}},
	volume = {32},
	number = {7},
	pages = {488-499},
	author = {William Godsoe and Jill Jankowski and Robert D. Holt and Dominique Gravel},
	title = {Integrating Biogeography with Contemporary Niche Theory},
	journal = {Trends in Ecology {\&} Evolution}
}