@article{ID85009471695,
	doi = {10.1657/aaar0016-005},
	url = {https://doi.org/10.1657%2Faaar0016-005},
	year = 2016,
	month = {aug},
	publisher = {Institute of Arctic and Alpine Research ({INSTAAR})},
	volume = {48},
	number = {3},
	pages = {531-549},
	author = {Christian Damgaard and Katrine Raundrup and Peter Aastrup and Peter L. Langen and Jon Feilberg and Jacob Nabe-Nielsen},
	title = {Arctic resilience: No evidence of vegetation change in response to Grazing and Climate Changes in South Greenland},
	journal = {Arctic, Antarctic, and Alpine Research}
}