@article{ID85007362713,
	doi = {10.1098/rspb.2016.2353},
	url = {https://doi.org/10.1098%2Frspb.2016.2353},
	year = 2016,
	month = {dec},
	publisher = {The Royal Society},
	volume = {283},
	number = {1845},
	pages = {20162353},
	author = {Gilles Gauthier and Guillaume P{\'{e}}ron and Jean-Dominique Lebreton and Patrick Grenier and Louise van Oudenhove},
	title = {Partitioning prediction uncertainty in climate-dependent population models},
	journal = {Proceedings of the Royal Society B: Biological Sciences}
}