@article{ID85019882086,
	doi = {10.1111/1365-2656.12685},
	url = {https://doi.org/10.1111%2F1365-2656.12685},
	year = 2017,
	month = {may},
	publisher = {Wiley-Blackwell},
	volume = {86},
	number = {5},
	pages = {1054-1064},
	author = {Charmain D. Hamilton and Kit M. Kovacs and Rolf A. Ims and Jon Aars and Christian Lydersen},
	editor = {Elizabeth Derryberry},
	title = {An Arctic predatorâ€“prey system in flux: climate change impacts on coastal space use by polar bears and ringed seals},
	journal = {Journal of Animal Ecology}
}