@article{ID85026485887,
	doi = {10.1002/ece3.3232},
	url = {https://doi.org/10.1002%2Fece3.3232},
	year = 2017,
	month = {jul},
	publisher = {Wiley-Blackwell},
	volume = {7},
	number = {17},
	pages = {6996-7009},
	author = {Kristen E. Sauby and John Kilmer and Mary C. Christman and Robert D. Holt and Travis D. Marsico},
	title = {The influence of herbivory and weather on the vital rates of two closely related cactus species},
	journal = {Ecology and Evolution}
}