@article{ID85017468747,
	doi = {10.1007/s00360-017-1096-3},
	url = {https://doi.org/10.1007%2Fs00360-017-1096-3},
	year = 2017,
	month = {apr},
	publisher = {Springer Nature},
	volume = {187},
	number = {8},
	pages = {1039-1056},
	author = {David L. Swanson and Andrew E. McKechnie and Fran{\c{c}}ois V{\'{e}}zina},
	title = {How low can you go? An adaptive energetic framework for interpreting basal metabolic rate variation in endotherms},
	journal = {Journal of Comparative Physiology B}
}