@article{ID85000658977,
	doi = {10.1007/s12080-016-0319-7},
	url = {https://doi.org/10.1007%2Fs12080-016-0319-7},
	year = 2016,
	month = {nov},
	publisher = {Springer Nature},
	volume = {10},
	number = {2},
	pages = {167-179},
	author = {William Godsoe and Nathaniel J. Holland and Chris Cosner and Bruce E. Kendall and Angela Brett and Jill Jankowski and Robert D. Holt},
	title = {Interspecific interactions and range limits: contrasts among interaction types},
	journal = {Theoretical Ecology}
}