@article{ID85011672184,
	doi = {10.1111/oik.03893},
	url = {https://doi.org/10.1111%2Foik.03893},
	year = 2017,
	month = {feb},
	publisher = {Wiley-Blackwell},
	volume = {126},
	number = {4},
	pages = {532-546},
	author = {Fran{\c{c}}ois Massol and Florian Altermatt and Isabelle Gounand and Dominique Gravel and Mathew A. Leibold and Nicolas Mouquet},
	title = {How life-history traits affect ecosystem properties: effects of dispersal in meta-ecosystems},
	journal = {Oikos}
}