@article{ID85018945976,
	doi = {10.1007/s00227-017-3151-8},
	url = {https://doi.org/10.1007%2Fs00227-017-3151-8},
	year = 2017,
	month = {may},
	publisher = {Springer Nature},
	volume = {164},
	number = {5},
	author = {Aurore Ponchon and Christophe Aulert and Gilles Le Guillou and Fabrice Gallien and Clara P{\'{e}}ron and David Gr{\'{e}}millet},
	title = {Spatial overlaps of foraging and resting areas of black-legged kittiwakes breeding in the English Channel with existing marine protected areas},
	journal = {Marine Biology}
}