@article{ID85028926239,
	doi = {10.1016/j.rse.2017.08.011},
	url = {https://doi.org/10.1016%2Fj.rse.2017.08.011},
	year = 2017,
	month = {oct},
	publisher = {Elsevier {BV}},
	volume = {200},
	pages = {102-113},
	author = {Henrik Thers and Ane Kirstine Brunbjerg and Thomas L{\ae}ss{\o}e and Rasmus Ejrn{\ae}s and Peder Klith B{\o}cher and Jens-Christian Svenning},
	title = {Lidar-derived variables as a proxy for fungal species richness and composition in temperate Northern Europe},
	journal = {Remote Sensing of Environment}
}