@article{ID85015270120,
	doi = {10.3389/fmars.2016.00285},
	url = {https://doi.org/10.3389%2Ffmars.2016.00285},
	year = 2017,
	month = {jan},
	publisher = {Frontiers Media {SA}},
	volume = {3},
	author = {Thorsten J. S. Balsby and Preben Clausen and Dorte Krause-Jensen and Jacob Carstensen and Jesper Madsen},
	title = {Long-term patterns of eelgrass (Zostera marina) occurrence and associated herbivorous waterbirds in a danish coastal inlet},
	journal = {Frontiers in Marine Science},
	number = {JAN}
}