@article{ID85017571649,
	doi = {10.1650/condor-16-55.1},
	url = {https://doi.org/10.1650%2Fcondor-16-55.1},
	year = 2017,
	month = {may},
	publisher = {Cooper Ornithological Society},
	volume = {119},
	number = {2},
	pages = {207-224},
	author = {Stephen Brown and Cheri Gratto-Trevor and Ron Porter and Emily L. Weiser and David Mizrahi and Rebecca Bentzen and Megan Boldenow and Rob Clay and Scott Freeman and Marie-Andr{\'{e}}e Giroux and Eunbi Kwon and David B. Lank and Nicolas Lecomte and Joe Liebezeit and Vanessa Loverti and Jennie Rausch and Brett K. Sandercock and Shiloh Schulte and Paul Smith and Audrey Taylor and Brad Winn and Stephen Yezerinac and Richard B. Lanctot},
	title = {Migratory connectivity of Semipalmated Sandpipers and implications for conservation},
	journal = {The Condor}
}