@article{ID85020283153,
	doi = {10.2981/wlb.00240},
	url = {https://doi.org/10.2981%2Fwlb.00240},
	year = 2017,
	month = {jun},
	publisher = {Wildlife Biology},
	pages = {wlb.00240},
	author = {John-Andr{\'{e}} Henden and Rolf Anker Ims and Eva Fuglei and {\AA}shild {\O}nvik Pedersen},
	title = {Changed Arctic-alpine food web interactions under rapid climate warming: Implication for ptarmigan research},
	journal = {Wildlife Biology},
	volume = {2017}
}