@article{ID85020742984,
	doi = {10.1111/geb.12602},
	url = {https://doi.org/10.1111%2Fgeb.12602},
	year = 2017,
	month = {jun},
	publisher = {Wiley-Blackwell},
	volume = {26},
	number = {8},
	pages = {942-951},
	author = {Timoth{\'{e}}e Poisot and Cynthia Gu{\'{e}}veneux-Julien and Marie-Jos{\'{e}}e Fortin and Dominique Gravel and Pierre Legendre},
	title = {Hosts, parasites and their interactions respond to different climatic variables},
	journal = {Global Ecology and Biogeography}
}