@article{ID85014973483,
	doi = {10.1086/689274},
	url = {https://doi.org/10.1086%2F689274},
	year = 2017,
	month = {mar},
	publisher = {University of Chicago Press},
	volume = {90},
	number = {2},
	pages = {166-177},
	author = {Magali Petit and Sabrina Clavijo-Baquet and Fran{\c{c}}ois V{\'{e}}zina},
	title = {Increasing winter maximal metabolic rate improves intrawinter survival in small birds},
	journal = {Physiological and Biochemical Zoology}
}