@article{ID85021810963,
	doi = {10.1016/j.anbehav.2017.06.013},
	url = {https://doi.org/10.1016%2Fj.anbehav.2017.06.013},
	year = 2017,
	month = {aug},
	publisher = {Elsevier {BV}},
	volume = {130},
	pages = {67-72},
	author = {Corentin Iltis and Fran{\c{c}}ois-Xavier Dechaume-Moncharmont and Matthias Galipaud and J{\'{e}}r{\^{o}}me Moreau and Lo√Øc Bollache and Philippe Lou{\^{a}}pre},
	title = {The curse of being single: both male and female Gammarus pulex benefit energetically from precopulatory mate guarding},
	journal = {Animal Behaviour}
}