@article{ID85015619478,
	doi = {10.1657/aaar0016-028},
	url = {https://doi.org/10.1657%2Faaar0016-028},
	year = 2016,
	month = {nov},
	publisher = {Institute of Arctic and Alpine Research ({INSTAAR})},
	volume = {48},
	number = {4},
	pages = {653-671},
	author = {Stine H{\o}jlund Pedersen and Mikkel P. Tamstorf and Jakob Abermann and Andreas Westergaard-Nielsen and Magnus Lund and Kirstine Skov and Charlotte Sigsgaard and Maria Rask Mylius and Birger Ulf Hansen and Glen E. Liston and Niels Martin Schmidt},
	title = {Spatiotemporal characteristics of seasonal snow cover in Northeast Greenland from in situ observations},
	journal = {Arctic, Antarctic, and Alpine Research}
}