@article{ID85015283848,
	doi = {10.1111/jav.01220},
	url = {https://doi.org/10.1111%2Fjav.01220},
	year = 2017,
	month = {mar},
	publisher = {Wiley-Blackwell},
	volume = {48},
	number = {5},
	pages = {669-678},
	author = {Maricel Gra{\~{n}}a Grilli and Sergio A. Lambertucci and Jean-Fran{\c{c}}ois Therrien and Keith L. Bildstein},
	title = {Wing size but not wing shape is related to migratory behavior in a soaring bird},
	journal = {Journal of Avian Biology}
}