@article{ID85031810006,
	doi = {10.1021/acs.est.7b03585},
	url = {https://doi.org/10.1021%2Facs.est.7b03585},
	year = 2017,
	month = {sep},
	publisher = {American Chemical Society ({ACS})},
	volume = {51},
	number = {20},
	pages = {11996-12006},
	author = {Heli Routti and Jon Aars and Eva Fuglei and Linda Hanssen and Karen Lone and Anuschka Polder and {\AA}shild {\O}. Pedersen and Sabrina Tartu and Jeffrey M. Welker and Nigel G. Yoccoz},
	title = {Emission Changes Dwarf the Influence of Feeding Habits on Temporal Trends of Per- and Polyfluoroalkyl Substances in Two Arctic Top Predators},
	journal = {Environmental Science {\&} Technology}
}