@article{ID85003968587,
	doi = {10.1007/s10344-016-1064-3},
	url = {https://doi.org/10.1007%2Fs10344-016-1064-3},
	year = 2016,
	month = {dec},
	publisher = {Springer Nature},
	volume = {63},
	number = {1},
	author = {Petra Villette and Charles J. Krebs and Thomas S. Jung},
	title = {Evaluating camera traps as an alternative to live trapping for estimating the density of snowshoe hares (Lepus americanus) and red squirrels (Tamiasciurus hudsonicus)},
	journal = {European Journal of Wildlife Research}
}