@article{ID85013277080,
	doi = {10.1007/s13280-016-0888-0},
	url = {https://doi.org/10.1007%2Fs13280-016-0888-0},
	year = 2017,
	month = {feb},
	publisher = {Springer Nature},
	volume = {46},
	number = {S2},
	pages = {275-289},
	author = {Jesper Madsen and James Henty Williams and Fred A. Johnson and Ingunn M. Tombre and Sergey Dereliev and Eckhart Kuijken},
	title = {Implementation of the first adaptive management plan for a European migratory waterbird population: The case of the Svalbard pink-footed goose Anser brachyrhynchus},
	journal = {Ambio}
}