@article{ID85031902216,
	doi = {10.1007/s00442-017-3967-4},
	url = {https://doi.org/10.1007%2Fs00442-017-3967-4},
	year = 2017,
	month = {oct},
	publisher = {Springer Nature},
	volume = {185},
	number = {4},
	pages = {737-748},
	author = {Jean-Yves Barnagaud and Pierre Ga√ºz{\`{e}}re and Benjamin Zuckerberg and Karine Princ{\'{e}} and Jens-Christian Svenning},
	title = {Temporal changes in bird functional diversity across the United States},
	journal = {Oecologia}
}