@article{ID85007333404,
	doi = {10.1098/rspb.2016.2272},
	url = {https://doi.org/10.1098%2Frspb.2016.2272},
	year = 2016,
	month = {dec},
	publisher = {The Royal Society},
	volume = {283},
	number = {1845},
	pages = {20162272},
	author = {Isabelle Gounand and Tanguy Daufresne and Dominique Gravel and Corinne Bouvier and Thierry Bouvier and Marine Combe and Claire Gougat-Barbera and Franck Poly and Clara Torres-Barcel{\'{o}} and Nicolas Mouquet},
	title = {Size evolution in microorganisms masks trade-offs predicted by the growth rate hypothesis},
	journal = {Proceedings of the Royal Society B: Biological Sciences}
}