@article{ID85016493170,
	doi = {10.1051/e3sconf/20130134002},
	url = {https://doi.org/10.1051%2Fe3sconf%2F20130134002},
	year = 2013,
	publisher = {{EDP} Sciences},
	volume = {1},
	pages = {34002},
	author = {R. Schetagne and J. Therrien},
	editor = {Nicola Pirrone},
	title = {Absence of mercury effects on fish populations of boreal reservoirs despite 3 to 6 fold increases in mercury concentrations},
	journal = {E3S Web of Conferences}
}