@article{ID85017523744,
	doi = {10.1111/ecog.02590},
	url = {https://doi.org/10.1111%2Fecog.02590},
	year = 2017,
	month = {apr},
	publisher = {Wiley-Blackwell},
	author = {L. Kr√ºger and J. A. Ramos and J. C. Xavier and D. Gr{\'{e}}millet and J. Gonz{\'{a}}lez-Sol{\'{\i}}s and M. V. Petry and R. A. Phillips and R. M. Wanless and V. H. Paiva},
	title = {Projected distributions of Southern Ocean albatrosses, petrels and fisheries as a consequence of climatic change},
	journal = {Ecography}
}