@article{ID85002964205,
	doi = {10.1016/j.watres.2016.11.066},
	url = {https://doi.org/10.1016%2Fj.watres.2016.11.066},
	year = 2017,
	month = {feb},
	publisher = {Elsevier {BV}},
	volume = {109},
	pages = {375-381},
	author = {Beno{\^{\i}}t Chantemesse and Laetitia Betelli and S{\'{e}}bastien Solanas and Fabienne Vienney and Loïc Bollache and Alain Hartmann and Murielle Rochelet},
	title = {A nitrocefin-based amperometric assay for the rapid quantification of extended-spectrum β-lactamase-producing Escherichia coli in wastewaters},
	journal = {Water Research}
}