@article{ID85010378826,
	doi = {10.1007/s13280-016-0862-x},
	url = {https://doi.org/10.1007%2Fs13280-016-0862-x},
	year = 2017,
	month = {jan},
	publisher = {Springer Nature},
	volume = {46},
	number = {S1},
	pages = {12-25},
	author = {Niels M. Schmidt and Bess Hardwick and Olivier Gilg and Toke T. H{\o}ye and Paul Henning Krogh and Hans Meltofte and Anders Michelsen and Jesper B. Mosbacher and Katrine Raundrup and Jeroen Reneerkens and L{\ae}rke Stewart and Helena Wirta and Tomas Roslin},
	title = {Interaction webs in arctic ecosystems: Determinants of arctic change?},
	journal = {Ambio}
}