@article{ID85010295311,
	doi = {10.1007/s13280-016-0860-z},
	url = {https://doi.org/10.1007%2Fs13280-016-0860-z},
	year = 2017,
	month = {jan},
	publisher = {Springer Nature},
	volume = {46},
	number = {S1},
	pages = {1-2},
	author = {Torben R. Christensen and Elmer Topp-J{\o}rgensen and Mikael K. Sejr and Niels Martin Schmidt},
	title = {Foreword: Synthesis of the Greenland Ecosystem Monitoring program},
	journal = {Ambio}
}