@article{ID85025083202,
	doi = {10.1016/j.marpolbul.2017.07.050},
	url = {https://doi.org/10.1016%2Fj.marpolbul.2017.07.050},
	year = 2017,
	month = {nov},
	publisher = {Elsevier {BV}},
	volume = {124},
	number = {1},
	pages = {252-257},
	author = {Conor D. Mallory and H. Grant Gilchrist and Gregory J. Robertson and Jennifer F. Provencher and Birgit M. Braune and Mark R. Forbes and Mark L. Mallory},
	title = {Hepatic trace element concentrations of breeding female common eiders across a latitudinal gradient in the eastern Canadian Arctic},
	journal = {Marine Pollution Bulletin}
}