@article{ID85020393867,
	doi = {10.1111/ecog.02747},
	url = {https://doi.org/10.1111%2Fecog.02747},
	year = 2017,
	month = {jun},
	publisher = {Wiley-Blackwell},
	author = {Sarah Loboda and Jade Savage and Christopher M. Buddle and Niels M. Schmidt and Toke T. H{\o}ye},
	title = {Declining diversity and abundance of High Arctic fly assemblages over two decades of rapid climate warming},
	journal = {Ecography}
}