@article{ID85030174475,
	doi = {10.1111/gcb.13879},
	url = {https://doi.org/10.1111%2Fgcb.13879},
	year = 2017,
	month = {sep},
	publisher = {Wiley-Blackwell},
	author = {Marta Carboni and Maya Gu{\'{e}}guen and Ceres Barros and Damien Georges and Isabelle Boulangeat and Rolland Douzet and Stefan Dullinger and Guenther Klonner and Mark van Kleunen and Franz Essl and Oliver Bossdorf and Emily Haeuser and Matthew V. Talluto and Dietmar Moser and Svenja Block and Luisa Conti and Iwona Dullinger and Tamara Münkemüller and Wilfried Thuiller},
	title = {Simulating plant invasion dynamics in mountain ecosystems under global change scenarios},
	journal = {Global Change Biology}
}