@article{ID85008311753,
	doi = {10.1002/ece3.2635},
	url = {https://doi.org/10.1002%2Fece3.2635},
	year = 2016,
	month = {dec},
	publisher = {Wiley-Blackwell},
	volume = {7},
	number = {1},
	pages = {115-124},
	author = {Kaja Johnsen and Rudy Boonstra and Stan Boutin and Olivier Devineau and Charles J. Krebs and Harry P. Andreassen},
	title = {Surviving winter: Food, but not habitat structure, prevents crashes in cyclic vole populations},
	journal = {Ecology and Evolution}
}