@article{ID85001038030,
	doi = {10.1002/eap.1401},
	url = {https://doi.org/10.1002%2Feap.1401},
	year = 2016,
	month = {oct},
	publisher = {Wiley-Blackwell},
	volume = {26},
	number = {8},
	pages = {2732-2745},
	author = {Christine L. Madliger and Oliver P. Love},
	title = {Conservation implications of a lack of relationship between baseline glucocorticoids and fitness in a wild passerine},
	journal = {Ecological Applications}
}