@article{ID85014488007,
	doi = {10.1088/1748-9326/11/5/055005},
	url = {https://doi.org/10.1088%2F1748-9326%2F11%2F5%2F055005},
	year = 2016,
	month = {may},
	publisher = {{IOP} Publishing},
	volume = {11},
	number = {5},
	pages = {055005},
	author = {D A Walker and F J A Daniëls and I Alsos and U S Bhatt and A L Breen and M Buchhorn and H Bültmann and L A Druckenmiller and M E Edwards and D Ehrich and H E Epstein and W A Gould and R A Ims and H Meltofte and M K Raynolds and J Sibik and S S Talbot and P J Webber},
	title = {Circumpolar Arctic vegetation: A hierarchic review and roadmap toward an internationally consistent approach to survey, archive and classify tundra plot data},
	journal = {Environmental Research Letters}
}