@article{ID8744297221,
	doi = {10.1111/j.0030-1299.2004.12945.x},
	url = {https://doi.org/10.1111%2Fj.0030-1299.2004.12945.x},
	year = 2004,
	month = {dec},
	publisher = {Wiley-Blackwell},
	volume = {107},
	number = {3},
	pages = {583-591},
	author = {Per Fauchald and Torkild Tveraa and Cathrine Henaug and Nigel Yoccoz},
	title = {Adaptive regulation of body reserves in reindeer, Rangifer tarandus: A feeding experiment},
	journal = {Oikos}
}