@article{ID8744256782,
	doi = {10.1007/s00265-004-0840-3},
	url = {https://doi.org/10.1007%2Fs00265-004-0840-3},
	year = 2004,
	month = {sep},
	publisher = {Springer Nature},
	volume = {57},
	number = {1},
	pages = {1-8},
	author = {Jo�l B�ty and Jean-Fran�ois Giroux and Gilles Gauthier},
	title = {Individual variation in timing of migration: Causes and reproductive consequences in greater snow geese (Anser caerulescens atlanticus)},
	journal = {Behavioral Ecology and Sociobiology}
}