@article{ID8844236236,
	doi = {10.1186/1472-6785-4-15},
	url = {https://doi.org/10.1186%2F1472-6785-4-15},
	year = 2004,
	publisher = {Springer Nature},
	volume = {4},
	number = {1},
	pages = {15},
	author = {Niels M Schmidt and Tommy Asferg and Mads C Forchhammer},
	journal = {{BMC} Ecology},
	title = {Long-term patterns in European brown hare population dynamics in Denmark: Effects of agriculture, predation and climate}
}