@article{ID9644270231,
	doi = {10.1016/j.jtbi.2004.08.023},
	url = {https://doi.org/10.1016%2Fj.jtbi.2004.08.023},
	year = 2005,
	month = {feb},
	publisher = {Elsevier {BV}},
	volume = {232},
	number = {4},
	pages = {453-466},
	author = {Maria E. Orive and Miles N. Stearns and John K. Kelly and Michael Barfield and Marilyn S. Smith and Robert D. Holt},
	title = {Viral infection in internally structured hosts. I. Conditions for persistent infection},
	journal = {Journal of Theoretical Biology}
}